id,zipcode,lat,long,bedrooms,bathrooms,floors,waterfront,grade,condition,date,sqft_living,sqft_lot,sqft_above,sqft_basement,yr_built,yr_renovated,price
9106000005,98115,47.6747,-122.303,4,2.25,2,1,8,5,20150527,3750,5000,2440,1310,1924,0,1310000 
5101400871,98115,47.6914,-122.308,2,1.75,1,1,6,3,20150524,1390,6670,720,670,1941,0,445500 
7923600250,98007,47.5951,-122.144,5,2,1.5,1,7,3,20150515,1870,7344,1870,0,1960,0,450000 
4166600610,98023,47.3273,-122.37,3,2,1,1,7,4,20150514,1410,44866,1410,0,1985,0,335000 
5057100110,98042,47.3584,-122.163,5,3,2,1,9,3,20150514,3223,6371,3223,0,2014,0,479349 
1786200010,98038,47.3658,-122.04,4,2.5,2,1,9,3,20150514,2580,11780,2580,0,2003,0,456500 
1422700040,98188,47.4685,-122.282,3,1,1,1,7,3,20150514,1170,7320,1170,0,1962,0,183000 
6752600320,98031,47.401,-122.171,4,2.5,2,1,7,3,20150514,2020,7289,2020,0,1994,0,360000 
7129304540,98118,47.5192,-122.266,5,2,1.5,1,6,3,20150514,1430,5600,1430,0,1947,0,440000 
8149600265,98116,47.5607,-122.391,4,1.75,1,1,8,4,20150514,1980,5850,1380,600,1960,0,725000 
9178601660,98103,47.6542,-122.331,5,3,2,1,9,3,20150514,3320,5354,3320,0,2004,0,1695000 
6815100380,98103,47.6854,-122.331,3,1.75,1,1,7,3,20150514,1900,4000,1300,600,1965,0,855000 
8562790720,98027,47.5322,-122.075,4,3.5,2,1,10,3,20150514,2630,3757,2200,430,2008,0,749950 
8730000270,98133,47.7052,-122.343,2,2.75,2,1,8,3,20150514,1370,1140,1080,290,2009,0,359000 
2316400285,98070,47.4161,-122.441,4,3.5,2,1,8,3,20150513,2490,18042,2490,0,2003,0,495000 
3025300250,98039,47.6232,-122.236,4,2.25,2,1,9,4,20150513,2350,17709,2350,0,1977,0,1620000 
1604590190,98075,47.5987,-122.029,5,3.5,1,1,10,3,20150513,3730,16679,2760,970,1990,0,775000 
303800020,98092,47.3411,-122.197,3,2.75,2,1,9,3,20150513,3370,13929,2650,720,1986,0,425000 
3649100015,98028,47.7401,-122.249,3,2.25,1,1,7,3,20150513,1820,15000,1480,340,1978,0,480000 
3445000274,98198,47.4167,-122.302,3,1,1,1,6,4,20150513,970,8710,970,0,1962,0,170000 
1423200110,98058,47.4563,-122.184,2,1,1,1,6,3,20150513,800,9450,800,0,1958,0,180000 
9567800435,98011,47.7649,-122.205,4,1.75,1.5,1,7,4,20150513,1640,7194,1480,160,1915,0,465000 
7760400480,98042,47.3717,-122.073,3,2.5,1,1,7,3,20150513,1370,9253,1090,280,1994,0,288000 
5634500234,98028,47.7508,-122.239,3,2.5,2,1,8,3,20150513,2100,6092,2100,0,2013,0,554990 
9542801310,98023,47.2988,-122.374,3,2.25,1,1,8,3,20150513,2510,9900,1610,900,1978,0,267000 
2867300170,98023,47.3009,-122.385,4,2.5,2,1,10,3,20150513,3402,14355,2846,556,2014,0,498000 
8731730590,98031,47.3894,-122.166,4,1.75,1,1,7,4,20150513,1490,8544,1490,0,1970,0,242150 
7399000360,98055,47.4654,-122.194,4,1.75,1,1,8,4,20150513,1720,8300,1720,0,1965,0,330000 
2698200010,98055,47.4339,-122.192,3,1,1,1,7,3,20150513,1380,7334,980,400,1981,0,165000 
2122049013,98198,47.3757,-122.304,2,1,1,1,7,4,20150513,880,7575,880,0,1942,0,204750 
7424700045,98122,47.6166,-122.287,5,3,2,1,9,5,20150513,3830,8480,2630,1200,1905,1994,2050000 
2013801086,98198,47.3837,-122.317,3,1.5,1,1,7,4,20150513,1340,7391,1340,0,1966,0,245000 
1922059135,98030,47.3839,-122.225,2,2,1,1,6,4,20150513,1130,5500,1130,0,1941,0,250000 
2568200610,98052,47.707,-122.102,5,2.75,2,1,9,3,20150513,2860,5280,2860,0,2006,0,751000 
6699300330,98001,47.3161,-122.27,5,2.5,2,1,8,3,20150513,2840,6010,2840,0,2003,0,372000 
7327902612,98108,47.5321,-122.323,2,1,1,1,6,3,20150513,930,4000,730,200,1943,0,269500 
9828700685,98122,47.6187,-122.295,3,1.75,1.5,1,7,3,20150513,1540,8400,1540,0,1902,0,900000 
2112700600,98106,47.5323,-122.351,3,2.25,1,1,7,3,20150513,1640,5880,1240,400,1977,0,415000 
642800130,98075,47.5794,-122.03,3,3.25,2,1,8,3,20150513,3240,4185,2770,470,2011,0,724500 
8682262400,98053,47.7176,-122.033,2,1.75,1,1,8,3,20150513,1350,4003,1350,0,2004,0,419950 
3764650010,98034,47.7326,-122.197,3,2.5,2,1,8,3,20150513,2300,4307,2300,0,1998,0,500000 
3975400185,98103,47.6546,-122.344,3,2,1,1,7,4,20150513,1640,4218,910,730,1941,0,645000 
2734100395,98108,47.5462,-122.32,2,1,1.5,1,6,3,20150513,760,4000,760,0,1910,0,380000 
5457300478,98109,47.6261,-122.355,2,1.75,1,1,6,4,20150513,1000,1760,600,400,1924,0,453500 
6145600900,98133,47.7041,-122.351,2,2.5,2,1,8,3,20150513,1170,1638,1170,0,2008,0,325000 
2722059275,98042,47.3691,-122.163,3,2.75,2,1,7,4,20150512,2290,34548,2290,0,1984,0,536000 
522069119,98038,47.4168,-122.074,3,2.5,1,1,8,3,20150512,2720,62310,2040,680,1985,0,550000 
422069067,98038,47.4253,-122.043,4,2.25,1,1,7,4,20150512,2380,128937,2380,0,1960,0,276500 
7932000041,98058,47.4291,-122.177,2,2.5,1,1,10,4,20150512,3090,47044,2250,840,1979,0,602500 
9485940290,98042,47.3533,-122.082,4,2.25,1,1,9,4,20150512,2350,36116,2350,0,1983,0,464950 
2524049108,98040,47.5323,-122.237,5,4.25,1,1,10,4,20150512,4050,18827,2150,1900,1979,0,1380000 
5153200356,98023,47.3303,-122.351,4,1.75,1,1,8,3,20150512,2250,16000,1450,800,1957,0,280000 
4139420190,98006,47.5515,-122.113,4,5,1,1,12,3,20150512,5310,16909,3090,2220,1992,0,2480000 
7979900440,98155,47.7435,-122.292,2,1.75,1,1,7,3,20150512,2080,13054,2080,0,1951,0,600000 
8955800045,98042,47.3628,-122.147,2,2.25,1,1,8,4,20150512,2080,11285,1180,900,1954,0,530000 
1775700011,98077,47.7432,-122.076,3,2.5,1,1,6,3,20150512,1410,26375,1410,0,1992,0,390000 
2473002650,98058,47.4485,-122.139,4,2.5,1,1,8,5,20150512,2400,11640,1800,600,1968,0,495000 
6206100075,98005,47.5899,-122.173,4,1.75,1,1,8,4,20150512,1980,10800,1320,660,1953,0,700000 
3760500240,98034,47.6985,-122.229,2,0.75,1,1,4,3,20150512,750,16321,750,0,1936,0,435000 
8151600142,98146,47.506,-122.365,5,1.75,1,1,7,3,20150512,1710,11900,1070,640,1958,0,319950 
7795810110,98045,47.4964,-121.771,3,1.75,1,1,7,4,20150512,1430,9857,1140,290,1980,0,390000 
5536100020,98004,47.6227,-122.207,3,2,1,1,8,3,20150512,2160,15788,2160,0,1951,0,1190000 
9407001770,98045,47.4487,-121.773,3,1.75,1,1,7,3,20150512,1350,9000,1350,0,1987,0,304950 
3904921100,98029,47.5685,-122.012,4,2.5,2,1,9,3,20150512,2700,10160,2700,0,1988,0,674725 
5417600130,98065,47.526,-121.81,2,1,1,1,5,3,20150512,910,9000,910,0,1923,0,301000 
8146300180,98004,47.6066,-122.192,5,2.25,1,1,8,4,20150512,1960,8592,1290,670,1958,0,860000 
2597501190,98002,47.2846,-122.192,3,2.25,1,1,7,3,20150512,2080,26574,1380,700,1993,0,270000 
1402620120,98058,47.4388,-122.142,4,2.5,2,1,8,3,20150512,2410,7517,2410,0,1983,0,440000 
2783100230,98133,47.7567,-122.333,4,2.25,2,1,7,5,20150512,1940,8270,1940,0,1962,0,530000 
7893203480,98198,47.4192,-122.33,3,1.5,1,1,7,3,20150512,1420,5000,920,500,1987,0,205000 
7199330170,98052,47.6972,-122.129,3,1.75,1,1,7,3,20150512,1720,6960,1140,580,1978,0,450000 
8685500020,98118,47.535,-122.289,3,1,1,1,7,3,20150512,1530,6372,1210,320,1962,0,387000 
3361400980,98168,47.5,-122.317,2,1,1,1,5,3,20150512,600,6120,600,0,1943,1989,135000 
1180007375,98178,47.4928,-122.229,5,3.5,2,1,9,3,20150512,4010,6000,2560,1450,1997,0,625000 
3438500114,98106,47.5545,-122.356,4,2,1,1,7,4,20150512,1640,5014,930,710,1982,0,377000 
9151600106,98116,47.5855,-122.383,4,1.5,1.5,1,8,4,20150512,2030,3300,1530,500,1927,0,750000 
305500140,98058,47.4362,-122.178,3,2.5,2,1,8,3,20150512,2200,4052,2200,0,2005,0,365000 
2123700015,98118,47.5275,-122.271,4,2.5,2,1,7,3,20150512,1470,1612,980,490,2003,0,228800 
7299600700,98092,47.2581,-122.2,3,2.5,2,1,8,3,20150512,2242,4800,2242,0,2013,0,328000 
5680000260,98144,47.5712,-122.316,3,1,1,1,6,3,20150512,810,4600,810,0,1918,0,385000 
1337800855,98112,47.6308,-122.312,3,1.5,2,1,7,5,20150512,2200,2880,1440,760,1904,0,885000 
9526600340,98052,47.7057,-122.112,3,2.5,2,1,8,3,20150512,2440,4244,2440,0,2011,0,729000 
4307350200,98056,47.4802,-122.179,3,2.5,2,1,7,3,20150512,1680,4308,1680,0,2004,0,347000 
9834200390,98144,47.5746,-122.289,3,1.5,1.5,1,7,5,20150512,1220,4080,1220,0,1914,0,670000 
9136103130,98103,47.6652,-122.338,2,1.5,1.5,1,7,3,20150512,1090,4013,1090,0,1900,0,685000 
9828700005,98122,47.6178,-122.292,3,1,1,1,7,3,20150512,1040,4000,1040,0,1950,0,440000 
2769601250,98107,47.6737,-122.365,2,1,1,1,7,3,20150512,1420,3100,820,600,1924,0,550000 
9550204620,98105,47.666,-122.327,3,1.75,1.5,1,7,3,20150512,1720,3825,1720,0,1925,0,475000 
3362400640,98103,47.682,-122.348,3,1.75,1.5,1,7,5,20150512,2010,3090,1510,500,1926,0,825000 
6661200260,98038,47.3845,-122.039,2,1.5,2,1,7,3,20150512,1030,2850,1030,0,1995,0,220000 
9358000780,98126,47.5674,-122.367,2,1,1,1,6,3,20150512,830,5610,830,0,1922,0,275000 
8822900122,98125,47.7177,-122.292,3,2.25,3,1,7,3,20150512,1330,969,1330,0,2007,0,325000 
6056111350,98108,47.5648,-122.294,3,2.25,2,1,8,3,20150512,1430,2343,1430,0,2012,0,439000 
9385200045,98116,47.5818,-122.402,3,2.5,3,1,9,3,20150512,1660,1091,1530,130,2015,0,729500 
2421059090,98092,47.2964,-122.116,4,2.5,2,1,8,4,20150511,4090,215186,3670,420,1979,0,640000 
1240700006,98074,47.6106,-122.055,3,2,1.5,1,9,3,20150511,2320,65340,2320,0,1992,0,870000 
3422059208,98042,47.346,-122.157,3,2.5,1,1,8,4,20150511,1930,64904,1930,0,1988,0,390000 
1445500100,98005,47.6435,-122.154,5,2.25,1,1,9,3,20150511,2510,35691,2510,0,1967,0,900000 
6639900219,98033,47.691,-122.176,3,2.5,2,1,8,3,20150511,1630,1755,1320,310,1997,0,419900 
5428000070,98198,47.3574,-122.318,5,3.5,2,1,10,3,20150511,4750,8234,3350,1400,2013,0,770000 
1925069082,98052,47.6393,-122.097,5,4.25,2,2,8,5,20150511,4640,22703,2860,1780,1952,0,2200000 
7936000252,98116,47.5577,-122.399,2,1,1.5,1,6,4,20150511,1050,7500,1050,0,1910,0,521000 
4389201095,98004,47.6146,-122.213,5,3.75,2,1,12,3,20150511,5020,8694,3970,1050,2007,0,3650000 
9353300820,98059,47.4894,-122.135,3,1,1,1,7,4,20150511,1250,10723,1250,0,1961,0,310000 
2473350790,98058,47.4545,-122.146,3,1.75,1,1,8,3,20150511,1970,9512,1970,0,1968,0,371000 
1326069188,98019,47.7345,-121.977,3,2.5,2,1,7,3,20150511,1640,10424,1640,0,1988,0,350000 
3343300644,98056,47.5454,-122.192,2,1,1,1,6,5,20150511,1110,9920,700,410,1942,0,343000 
2817100430,98070,47.3733,-122.432,3,2,1,1,7,4,20150511,2080,12972,1250,830,1981,0,389000 
4045800030,98052,47.6383,-122.098,3,2.25,1,1,8,4,20150511,2220,10530,1700,520,1974,0,739000 
5127100100,98059,47.474,-122.146,3,2,1,1,7,4,20150511,1620,9566,1620,0,1968,0,382880 
2473350470,98058,47.4561,-122.148,3,1.5,1,1,8,4,20150511,1440,7875,1440,0,1968,0,330000 
1591600307,98146,47.4993,-122.364,3,1.75,1,1,7,5,20150511,1810,7200,1030,780,1959,0,360000 
4273000095,98166,47.4735,-122.344,4,1.75,1,1,7,3,20150511,1400,8374,1400,0,1953,0,340000 
5255300150,98011,47.7685,-122.2,3,1.75,1,1,7,4,20150511,1950,8325,1950,0,1962,0,510000 
6798100070,98125,47.7133,-122.308,3,1,1.5,1,7,3,20150511,1220,8040,1220,0,1965,0,467000 
1138010180,98034,47.7153,-122.211,3,2.5,1,1,7,3,20150511,1510,7300,1040,470,1974,0,399950 
3343901440,98056,47.5157,-122.191,4,1.75,1,1,7,4,20150511,2180,7876,1290,890,1977,0,379000 
8682310310,98053,47.7101,-122.014,2,2,1,1,8,3,20150511,1850,4667,1850,0,2010,0,589000 
3336001515,98118,47.5261,-122.266,4,1,1.5,1,7,4,20150511,1610,6000,1510,100,1905,0,426250 
3333000655,98118,47.5437,-122.281,2,1,1,1,6,3,20150511,890,6000,890,0,1941,0,334000 
7853380570,98065,47.5167,-121.885,4,2.5,2,1,10,3,20150511,3340,5314,3340,0,2010,0,701000 
7104100110,98136,47.5499,-122.393,4,3.5,2,1,9,3,20150511,2490,5500,1780,710,2015,0,899000 
2738650030,98072,47.7749,-122.159,3,2.5,2,1,9,3,20150511,2450,3582,2450,0,2008,0,552500 
9266700190,98103,47.6938,-122.347,1,1,1,1,6,4,20150511,390,2000,390,0,1920,0,245000 
6046400755,98103,47.6915,-122.345,5,1.75,1.5,1,7,5,20150511,2020,5100,1320,700,1911,0,475000 
5540800100,98103,47.6947,-122.346,3,1,1,1,6,4,20150511,910,6630,910,0,1912,0,245000 
5583200345,98118,47.5547,-122.272,2,1,1,1,6,4,20150511,750,4000,750,0,1926,0,422000 
6324000090,98116,47.5828,-122.382,2,1,1,1,6,1,20150511,990,8140,990,0,1910,0,210000 
2877103615,98103,47.6779,-122.357,4,1.75,1.5,1,8,3,20150511,2370,5000,1770,600,1919,0,870000 
2917200645,98133,47.7013,-122.35,4,1.75,1,1,6,4,20150511,2020,6200,1010,1010,1948,0,575000 
1695900060,98144,47.587,-122.294,4,1,1.5,1,7,4,20150511,1610,2982,1610,0,1925,0,535000 
5694501195,98103,47.6597,-122.345,1,1,1,1,7,3,20150511,720,2500,720,0,1910,0,438600 
1934800162,98122,47.6032,-122.308,2,1.5,2,1,7,3,20150511,960,1829,960,0,2005,0,386180 
1732800199,98119,47.632,-122.361,2,2.5,3,1,9,3,20150511,1680,977,1680,0,2009,0,935000 
7852170140,98065,47.5416,-121.864,4,2.5,2,1,9,3,20150510,3180,5438,3180,0,2003,0,650000 
5651010150,98011,47.7733,-122.17,3,2.5,2,1,7,4,20150510,1930,5790,1930,0,1988,0,435000 
7429000130,98031,47.3999,-122.211,4,2.5,2,1,9,3,20150509,2980,12534,2980,0,1996,0,515000 
2493200325,98136,47.5269,-122.383,4,1.5,1,1,7,4,20150509,1440,3200,960,480,1960,0,589500 
871000435,98199,47.6506,-122.405,4,2,1,1,8,4,20150509,2380,6122,1310,1070,1949,0,812000 
1921069101,98092,47.2881,-122.086,3,1.75,1,1,7,3,20150508,2170,73616,2170,0,2008,0,399000 
1720069075,98022,47.2215,-122.067,3,3,1.5,1,8,3,20150508,2450,211266,2450,0,2004,0,530000 
122029066,98070,47.4189,-122.499,3,1.75,2,1,7,4,20150508,2020,215622,2020,0,1975,0,490000 
322069010,98038,47.4199,-122.034,3,2,1.5,1,8,4,20150508,2570,233481,2570,0,1986,0,435000 
7302000610,98053,47.6503,-121.968,4,1.5,2,1,7,3,20150508,2120,46173,2120,0,1974,0,316000 
3325069025,98074,47.6064,-122.039,3,1,1,1,8,3,20150508,2000,21780,1480,520,1978,0,500000 
2424059174,98006,47.5491,-122.104,4,3.25,2,1,11,3,20150508,5640,35006,4900,740,2015,0,1999950 
251610020,98004,47.6354,-122.214,4,2.75,2,1,10,4,20150508,3480,19991,2630,850,1979,0,1580000 
1924059254,98040,47.5479,-122.212,5,3.75,1,1,10,4,20150508,3490,15246,1940,1550,1968,0,1295000 
2133010110,98019,47.7306,-121.966,4,2.5,2,1,7,3,20150508,1770,13168,1770,0,1990,0,455000 
6119700030,98166,47.4357,-122.343,4,3.25,2,1,9,3,20150508,3674,12793,3674,0,1987,0,699950 
8078490090,98022,47.1913,-122.015,3,1.75,1,1,8,3,20150508,1670,11452,1670,0,1992,0,245000 
9353301070,98059,47.4922,-122.134,5,2.25,1,1,7,4,20150508,2100,10726,1050,1050,1963,0,342500 
1118000320,98112,47.638,-122.288,4,4,2,1,11,3,20150508,4260,11765,3280,980,1939,2010,3400000 
4025300135,98155,47.749,-122.305,3,1.75,2,1,7,3,20150508,1790,9813,1790,0,1949,0,451000 
126039394,98177,47.7771,-122.362,4,2.75,1,1,8,4,20150508,2300,26650,2300,0,1950,0,525000 
8125200480,98166,47.4513,-122.267,4,2.5,2,1,8,3,20150508,2310,6650,2310,0,2012,0,422000 
3782400040,98019,47.7341,-121.981,3,2.25,2,1,7,3,20150508,1680,9766,1680,0,1989,0,396000 
3751600409,98001,47.2949,-122.27,4,2.5,2,1,8,3,20150508,4073,17334,4073,0,2008,0,510000 
3224059107,98056,47.5279,-122.199,4,3,2,1,9,3,20150508,3150,6599,3150,0,2008,0,649500 
1432900240,98058,47.4563,-122.171,3,1,1,1,7,4,20150508,1610,8579,1010,600,1962,0,205000 
3449000200,98059,47.5013,-122.147,4,1.75,1,1,7,4,20150508,2010,12188,1150,860,1960,0,360000 
1223039195,98146,47.4959,-122.367,5,1.75,1,1,8,3,20150508,2330,6450,1330,1000,1958,0,465000 
629811340,98074,47.6123,-122.007,4,3,2,1,9,3,20150508,2800,9127,2800,0,1999,0,770000 
7888400500,98198,47.3668,-122.312,5,1.5,1.5,1,7,4,20150508,1840,8050,1840,0,1962,0,285000 
1796370180,98042,47.3713,-122.091,3,2.25,2,1,7,4,20150508,1610,7423,1610,0,1990,0,260000 
3876200070,98034,47.7276,-122.181,3,3,1,1,7,3,20150508,1520,7500,1180,340,1967,0,460000 
2126049083,98125,47.7238,-122.302,2,1,1,1,7,3,20150508,1300,6617,1300,0,1986,0,324500 
2215900410,98038,47.3511,-122.058,4,2.75,2,1,7,4,20150508,2000,9083,2000,0,1992,0,323000 
2968801085,98166,47.4578,-122.351,4,1.5,1,1,7,4,20150508,1680,7620,1180,500,1965,0,334000 
1432400120,98058,47.4501,-122.176,3,1,1,1,6,4,20150508,1010,7690,1010,0,1958,0,255000 
8820903080,98125,47.7153,-122.284,2,1,1,1,6,3,20150508,910,5759,910,0,1951,0,455000 
4051100390,98042,47.3739,-122.148,3,1,1,1,7,4,20150508,1310,7125,1310,0,1978,0,240000 
8025700460,98031,47.4002,-122.189,4,1.75,1,1,7,3,20150508,1840,7275,1090,750,1976,0,279000 
3885805035,98033,47.6823,-122.203,2,1,1,1,6,4,20150508,1040,7200,1040,0,1955,0,687500 
5104540330,98038,47.3543,-122.005,4,2.5,2,1,10,3,20150508,3680,7236,3680,0,2006,0,679000 
8011100050,98056,47.4952,-122.172,2,1,1,1,7,4,20150508,1220,28703,1220,0,1953,0,350000 
2359300030,98115,47.6742,-122.284,3,1,1,1,7,3,20150508,910,5212,910,0,1951,0,565000 
2920700220,98117,47.6929,-122.36,2,1,1,1,6,3,20150508,910,4191,910,0,1910,0,275000 
6822100750,98199,47.6474,-122.402,3,1.75,1,1,7,5,20150508,1500,6000,850,650,1940,0,700000 
7883605915,98108,47.5254,-122.318,3,1,1.5,1,7,3,20150508,1020,6000,1020,0,1900,0,337500 
6450302545,98133,47.7321,-122.334,3,1,1.5,1,7,4,20150508,1280,5460,1280,0,1931,0,443000 
254000695,98146,47.5131,-122.383,3,1,1,1,7,4,20150508,1190,5280,1190,0,1957,0,410000 
8651410090,98042,47.3644,-122.082,2,1,1,1,6,5,20150508,840,5265,840,0,1969,0,209000 
2517010630,98042,47.4011,-122.164,4,2.5,2,1,7,4,20150508,3320,5034,3320,0,2006,0,410000 
6021502070,98117,47.6883,-122.384,2,1,1,1,7,3,20150508,1410,4500,1020,390,1939,0,600000 
8819900449,98105,47.6701,-122.286,2,1,1,1,7,3,20150508,1100,3975,900,200,1950,0,395000 
3964400120,98144,47.5746,-122.311,4,1.75,1.5,1,7,5,20150508,1620,4240,1620,0,1916,0,512500 
3083000365,98144,47.5797,-122.305,4,2,1,1,7,3,20150508,1170,4000,1170,0,1955,0,330000 
7132300540,98144,47.5933,-122.308,2,2,2,1,7,3,20150508,1730,4248,1730,0,1905,0,450000 
1109000175,98118,47.5372,-122.269,4,2,1,1,6,4,20150508,1950,3757,1160,790,1908,0,370000 
8944550050,98118,47.5412,-122.286,3,2.5,2,1,8,3,20150508,2080,3920,2080,0,2010,0,448500 
2896400210,98072,47.7633,-122.149,4,2.5,2,1,7,3,20150508,1780,2992,1780,0,2003,0,455000 
3277801586,98126,47.543,-122.375,3,2.25,2,1,8,3,20150508,1520,1464,1240,280,2010,0,380000 
620069061,98092,47.2485,-122.101,3,2.5,2,1,7,3,20150507,2880,426452,2880,0,1979,0,450000 
625069064,98053,47.6854,-122.079,3,2.25,1,1,9,3,20150507,2570,47480,2570,0,1979,0,625000 
925069111,98053,47.6735,-122.041,3,1.75,1,1,7,3,20150507,1760,235224,1760,0,1973,0,568000 
1422069070,98038,47.3974,-122.005,3,2.5,2,1,7,3,20150507,1860,415126,1860,0,2006,0,472000 
1774220070,98077,47.769,-122.094,4,2.25,2,1,8,3,20150507,2590,36256,2590,0,1978,0,550000 
3585300415,98177,47.7648,-122.37,3,1.75,1,1,8,3,20150507,1680,28046,1180,500,1948,0,620000 
7000100631,98004,47.5831,-122.191,5,1.75,1,1,7,4,20150507,2690,21357,1420,1270,1952,0,730000 
1925059254,98004,47.6409,-122.221,5,4,2,1,12,3,20150507,6670,16481,4960,1710,2007,0,2998000 
5559200065,98023,47.3221,-122.344,2,1,1.5,1,6,4,20150507,1420,16400,1420,0,1943,0,306500 
7237501380,98059,47.531,-122.134,4,3.5,2,1,10,3,20150507,4640,13404,4640,0,2007,0,1267500 
2320069111,98022,47.2034,-122.003,4,1.75,1.5,1,7,5,20150507,2290,36900,1690,600,1938,0,449999 
7922710520,98052,47.6647,-122.142,4,2.25,2,1,8,3,20150507,1780,10260,1780,0,1971,0,615000 
1245500250,98033,47.6938,-122.21,2,1,1,1,7,4,20150507,920,10000,920,0,1981,0,555500 
6179900090,98028,47.7726,-122.266,3,1.75,1,1,7,4,20150507,1770,10513,1400,370,1982,0,415000 
3222049112,98198,47.3509,-122.323,3,2.5,2,1,9,3,20150507,2780,8225,2780,0,1990,0,449900 
7446500010,98011,47.7638,-122.196,4,2.25,2,1,8,3,20150507,3070,9210,2740,330,2010,0,664500 
3288100290,98034,47.7307,-122.183,3,2.75,1.5,1,8,4,20150507,3230,9576,3230,0,1966,0,605000 
2253200010,98056,47.5112,-122.186,5,2,1,1,7,5,20150507,2400,9537,1210,1190,1959,0,390000 
8718500095,98028,47.7402,-122.255,3,1.5,1,1,7,3,20150507,1740,9046,1740,0,1956,0,415000 
1310910290,98032,47.361,-122.281,4,2.25,2,1,8,3,20150507,2240,9600,2240,0,1971,0,327500 
3797310230,98022,47.1923,-122.014,3,2,1,1,7,3,20150507,1760,9732,1760,0,1996,0,314950 
6400700220,98033,47.6698,-122.177,3,1,1,1,6,4,20150507,1540,9028,1540,0,1968,0,450000 
3304300300,98059,47.4828,-122.133,4,2.75,2,1,9,3,20150507,2460,8643,2460,0,2011,0,579950 
1310700330,98032,47.3618,-122.289,4,2.25,1,1,8,4,20150507,1780,8820,1480,300,1966,0,310000 
925059288,98033,47.6734,-122.173,3,2.5,2,1,9,3,20150507,2400,7745,2400,0,2001,0,750000 
4131500190,98003,47.3032,-122.306,5,2.5,1,1,8,3,20150507,2803,8550,2803,0,1963,2011,379000 
1332200100,98031,47.4043,-122.213,4,2.5,2,1,7,3,20150507,2641,8091,2641,0,1998,0,393000 
2832100270,98125,47.7297,-122.326,4,1.5,1.5,1,7,3,20150507,1940,8970,1270,670,1980,0,306888 
2472950170,98058,47.4269,-122.148,3,2.25,2,1,7,3,20150507,2860,8458,2860,0,1983,0,365000 
4137020910,98092,47.2602,-122.219,3,1.75,2,1,8,3,20150507,1980,9220,1980,0,1987,0,297300 
3876540600,98003,47.2624,-122.299,3,2.25,1,1,7,3,20150507,1930,8192,1470,460,1984,0,273000 
3303960250,98059,47.5217,-122.155,4,3.25,2,1,11,3,20150507,4020,11588,4020,0,2000,0,1050000 
1036000610,98052,47.6327,-122.097,3,1.75,1,1,8,4,20150507,2010,8072,2010,0,1974,0,639500 
3438501450,98106,47.5467,-122.365,2,1,1,1,7,3,20150507,870,10492,870,0,1937,0,382000 
2215901230,98038,47.3539,-122.054,3,2,1,1,7,4,20150507,1470,7694,1470,0,1992,0,254000 
7349650490,98002,47.2831,-122.199,3,1.75,1,1,7,3,20150507,1600,7500,1600,0,1998,0,285000 
2310000430,98038,47.3564,-122.04,3,2.25,1,1,7,4,20150507,1580,7034,1180,400,1989,0,284000 
4178500640,98042,47.3584,-122.089,4,2.5,2,1,7,4,20150507,1880,9426,1880,0,1990,0,306000 
2423020180,98033,47.7016,-122.17,4,2.25,2,1,8,3,20150507,2040,7031,2040,0,2012,0,670000 
9558050230,98058,47.459,-122.118,4,3.5,2,1,10,3,20150507,3450,6873,2750,700,2004,0,590000 
3438500168,98106,47.5549,-122.356,3,1.5,1,1,7,5,20150507,1060,7488,1060,0,1977,0,325000 
3179100180,98105,47.6712,-122.272,5,3.25,2,1,9,3,20150507,2920,6960,2120,800,1953,2008,1540000 
7575610760,98003,47.3521,-122.302,3,2.25,2,1,8,4,20150507,1620,7772,1620,0,1988,0,290000 
1393800005,98126,47.5467,-122.377,2,1,1,1,7,3,20150507,900,6656,900,0,1940,0,355000 
1250201680,98144,47.597,-122.292,4,3.25,1.5,1,9,4,20150507,2320,5900,2320,0,1910,0,934550 
2025701190,98038,47.35,-122.037,3,1.75,1,1,7,4,20150507,1520,6559,1170,350,1992,0,295000 
6821101895,98199,47.651,-122.399,2,1,1,1,7,4,20150507,2140,6000,1070,1070,1946,0,680000 
7972600910,98106,47.5297,-122.349,4,2,1.5,1,6,4,20150507,1840,4760,1080,760,1929,0,433000 
2619950310,98019,47.7327,-121.965,4,3.5,2,1,8,3,20150507,2730,5707,2000,730,2011,0,489500 
6699001200,98042,47.3714,-122.103,5,2.5,2,1,8,3,20150507,3220,5806,3220,0,2002,0,355000 
293000180,98126,47.5322,-122.379,2,1,1,1,6,2,20150507,910,5525,910,0,1910,0,370000 
3333500151,98118,47.5508,-122.268,5,3.75,3,1,8,3,20150507,2980,4635,2980,0,1997,0,598200 
9169100175,98136,47.5254,-122.392,4,2,1,1,7,4,20150507,2490,4700,1690,800,1952,0,700000 
1843130360,98042,47.3747,-122.128,3,2.5,2,1,7,3,20150507,2030,4867,2030,0,2003,0,295000 
4229400015,98116,47.574,-122.385,3,1,1.5,1,7,3,20150507,1030,4089,1030,0,1927,0,570000 
2781240050,98038,47.3539,-122.021,3,2,1,1,8,3,20150507,1640,4714,1640,0,2009,0,349950 
2407900550,98059,47.4799,-122.129,4,2.5,1,1,7,3,20150507,2230,5000,1650,580,2006,0,448000 
9274200735,98116,47.5846,-122.387,4,1.75,1,1,7,3,20150507,2190,5060,1190,1000,1950,0,567500 
2887700560,98115,47.6886,-122.309,3,2,1,1,7,5,20150507,2080,4549,1040,1040,1954,0,616500 
6788200800,98112,47.6406,-122.304,4,2.75,2.5,1,9,3,20150507,2850,3000,2530,320,2003,0,1185000 
2895550050,98001,47.3299,-122.269,3,2.5,2,1,7,3,20150507,1550,4486,1550,0,2000,0,280000 
8827901415,98105,47.6693,-122.291,3,1.5,1,1,7,4,20150507,1470,4480,1130,340,1918,0,613000 
8029740060,98056,47.4911,-122.17,5,2.75,1,1,7,3,20150507,1940,4182,1240,700,2002,0,345000 
1797501275,98105,47.6711,-122.315,5,2.75,2,1,7,4,20150507,2670,4000,1800,870,1914,0,665000 
4217401035,98105,47.6582,-122.28,3,2.25,2,1,9,3,20150507,3290,5000,2730,560,1939,0,1482500 
6021500320,98117,47.6894,-122.384,4,1.75,1,1,7,3,20150507,2170,4600,1270,900,1950,0,709000 
91000135,98103,47.6857,-122.353,4,1.5,1.5,1,7,3,20150507,2060,4000,1580,480,1920,1990,750000 
4443800505,98117,47.6835,-122.392,3,1.5,1.5,1,8,4,20150507,1810,3880,1310,500,1929,0,585000 
2804600155,98112,47.643,-122.299,4,1.75,1.5,1,9,4,20150507,2000,3728,1820,180,1926,0,1350000 
8946750020,98092,47.3205,-122.178,3,2.25,2,1,7,3,20150507,1552,3677,1552,0,2012,0,264000 
1724069060,98075,47.5684,-122.06,2,3.25,3,2,8,3,20150507,1550,1767,1550,0,2006,0,1075000 
6064800090,98118,47.5419,-122.289,3,2.25,2,1,7,3,20150507,1960,1985,1750,210,2003,0,365000 
7443000480,98119,47.6513,-122.368,4,2,2,1,8,3,20150507,2750,5527,2130,620,1901,1987,865000 
1453602283,98125,47.7223,-122.29,2,2,3,1,7,3,20150507,1320,1462,1320,0,1997,0,342000 
7165700110,98118,47.5325,-122.282,3,3,2,1,7,3,20150507,1390,1080,1140,250,2006,0,280000 
2767600635,98117,47.6758,-122.375,2,3,1,1,8,3,20150507,2020,5000,1350,670,1952,0,742500 
825079024,98014,47.662,-121.944,3,2.75,2,1,9,3,20150506,2990,207781,2990,0,2000,0,785000 
522079068,98038,47.4178,-121.937,3,2.5,2,1,7,3,20150506,2150,161607,1330,820,1995,0,513000 
1523069022,98027,47.4743,-122.026,3,1.5,1,1,6,4,20150506,1630,82764,1630,0,1948,0,300000 
2723069129,98038,47.4583,-122.036,3,2.5,2,1,8,4,20150506,2620,108464,2620,0,1990,0,427000 
1623089165,98045,47.4807,-121.795,4,3.75,2,1,10,3,20150506,4030,503989,4030,0,2008,0,920000 
3286800260,98027,47.4961,-122.063,5,2.5,1,1,8,4,20150506,3480,74052,1980,1500,1972,0,780000 
5561300640,98027,47.4672,-122.006,3,2.25,1,1,8,4,20150506,1910,35015,1430,480,1977,0,532000 
3924500130,98024,47.5614,-121.899,2,2.5,1,1,9,3,20150506,1880,40575,1880,0,1987,0,460000 
626059220,98011,47.7759,-122.214,4,2,1,1,7,3,20150506,2220,23750,2220,0,1963,0,532500 
6065300370,98006,47.5692,-122.189,5,6,2,1,12,3,20150506,7440,21540,5550,1890,2003,0,4208000 
302000375,98001,47.3206,-122.269,3,2,1,1,7,4,20150506,1050,18304,1050,0,1953,0,250000 
1471700410,98059,47.4644,-122.066,7,1.5,1.5,1,7,4,20150506,2660,15111,2660,0,1962,0,310000 
4024100670,98155,47.7537,-122.296,3,2.25,2,1,7,3,20150506,2260,17114,2260,0,1990,0,605000 
8019200360,98168,47.4913,-122.318,2,1,1,1,7,4,20150506,780,10064,780,0,1958,0,248500 
2141310540,98006,47.5586,-122.134,5,2.5,1,1,9,4,20150506,3020,9648,1980,1040,1977,0,975000 
9310300215,98133,47.7402,-122.348,4,1.75,2,1,7,3,20150506,3130,18253,3130,0,1978,0,652500 
2009001600,98198,47.4061,-122.33,3,1,1,1,7,4,20150506,1070,9000,1070,0,1950,0,265000 
1443550020,98019,47.733,-121.968,4,2.5,2,1,8,3,20150506,2640,11816,2640,0,1999,0,570000 
2925059260,98004,47.6249,-122.206,5,2.5,1,1,8,3,20150506,3000,10560,1500,1500,1966,0,800000 
5409000110,98002,47.3244,-122.217,6,4.5,2,1,7,3,20150506,3560,14010,3560,0,1989,0,389000 
2426049079,98034,47.7281,-122.235,3,1,1,1,6,3,20150506,1060,20040,1060,0,1943,0,330000 
2325059101,98008,47.6371,-122.123,3,1.75,1,1,7,3,20150506,1430,12632,1430,0,1959,0,487000 
1266200140,98004,47.6235,-122.192,4,3.25,2,1,10,3,20150506,4160,10335,4160,0,2014,0,1850000 
6600700030,98052,47.6844,-122.113,3,2.25,2,1,7,3,20150506,1490,9414,1490,0,1981,0,525000 
5710500230,98027,47.5307,-122.054,3,2,1,1,8,3,20150506,1900,9975,1500,400,1973,0,545000 
1245500099,98033,47.6943,-122.209,3,2.5,1,1,8,3,20150506,2190,8528,1760,430,1991,0,702000 
8643000225,98198,47.3961,-122.308,5,1.5,2,1,7,3,20150506,1790,11656,1790,0,1963,0,225000 
8679400130,98033,47.7,-122.175,4,1.5,1,1,6,4,20150506,1100,9600,1100,0,1960,0,353000 
1274500170,98042,47.3626,-122.111,3,1,1,1,7,3,20150506,1150,8848,1150,0,1968,0,227500 
200500410,98011,47.7371,-122.215,3,2.5,2,1,8,3,20150506,1960,9535,1960,0,1989,0,575000 
7922720250,98052,47.6614,-122.138,4,2.5,1,1,8,3,20150506,2050,8094,1050,1000,1976,0,601002 
3810000860,98178,47.4961,-122.235,4,1.5,1,1,8,3,20150506,1920,7973,1920,0,1955,0,240000 
5423030380,98027,47.5634,-122.087,4,1.75,1,1,8,3,20150506,2350,7574,1720,630,1979,0,725000 
4039100400,98008,47.6191,-122.112,3,2.5,1,1,8,4,20150506,3000,8250,1760,1240,1963,0,515000 
726049202,98133,47.7503,-122.348,3,1,1,1,7,4,20150506,1020,10200,1020,0,1954,0,335000 
3904910610,98029,47.567,-122.016,4,2.5,2,1,8,3,20150506,2490,7694,2490,0,1987,0,700000 
1545807180,98038,47.3615,-122.057,4,1.75,1,1,7,4,20150506,1900,9861,1900,0,1967,0,190000 
2787460720,98031,47.4046,-122.181,3,2,1,1,7,3,20150506,1010,7896,1010,0,1984,0,259950 
8732040090,98023,47.3078,-122.383,4,2.75,1,1,8,3,20150506,2690,8874,1370,1320,1980,0,307450 
7878400022,98178,47.4879,-122.245,4,2.25,1,1,7,3,20150506,3060,7920,1530,1530,1965,0,390000 
7893207510,98198,47.4225,-122.328,3,1.75,1,1,7,4,20150506,1350,5850,1050,300,1973,0,337500 
4221970060,98092,47.3124,-122.188,4,2.5,2,1,8,3,20150506,2640,7883,2640,0,1990,0,359000 
2474400300,98031,47.4058,-122.192,4,2.5,2,1,8,4,20150506,1920,7277,1920,0,1990,0,320000 
109200140,98023,47.2979,-122.371,4,2.5,1,1,8,4,20150506,2300,8100,1360,940,1979,0,299000 
321030150,98042,47.3733,-122.162,3,2.5,2,1,8,3,20150506,2026,7611,2026,0,2010,0,358000 
2457200040,98056,47.497,-122.18,3,2.25,1,1,7,4,20150506,1810,7630,1810,0,1959,0,280000 
3971700635,98155,47.7722,-122.315,4,3,1,1,7,3,20150506,2270,7245,1410,860,1979,0,435000 
2310000250,98038,47.3576,-122.039,3,2.25,1,1,7,4,20150506,1640,7730,1220,420,1989,0,190000 
8016250140,98030,47.3658,-122.172,3,2.5,2,1,7,3,20150506,1610,6732,1610,0,1994,0,210000 
3326059238,98033,47.7003,-122.165,4,2.25,2,1,8,3,20150506,2050,7201,2050,0,1994,0,500000 
8835401250,98118,47.5462,-122.265,6,2.75,2,1,10,3,20150506,4430,6440,2680,1750,1964,2015,1485000 
2207100405,98007,47.5995,-122.144,4,1.75,1,1,7,4,20150506,1730,7245,880,850,1955,0,423000 
2895550330,98001,47.3303,-122.271,3,2.5,2,1,7,3,20150506,1600,6848,1600,0,2000,0,290000 
6140600049,98133,47.7145,-122.35,2,2,2,1,7,3,20150506,1230,4800,1230,0,1952,2004,464000 
6624010010,98031,47.4179,-122.181,4,1.5,1,1,7,4,20150506,1300,7200,1300,0,1970,0,259500 
8857640170,98038,47.3888,-122.032,4,2.5,2,1,8,3,20150506,2830,6536,2830,0,2003,0,533000 
4302201085,98106,47.5276,-122.359,3,1,1,1,7,3,20150506,1470,7680,1220,250,1946,0,546940 
3812400070,98118,47.5453,-122.278,5,1,1.5,1,6,3,20150506,1410,6750,1410,0,1929,0,435000 
7129300595,98118,47.5118,-122.259,3,2,1,1,7,3,20150506,1090,6090,940,150,1940,0,158000 
2770604575,98119,47.6516,-122.375,3,1.75,1,1,8,3,20150506,1930,6000,1130,800,1956,0,560000 
8691510290,98058,47.4386,-122.116,3,2.5,2,1,7,3,20150506,2230,8296,2230,0,2004,0,385000 
9161100795,98116,47.5675,-122.396,3,1,1.5,1,6,4,20150506,1240,5758,960,280,1910,0,476900 
5104510860,98038,47.356,-122.014,4,3,2,1,8,3,20150506,2430,5502,2430,0,2002,0,425000 
3629920830,98029,47.5453,-121.995,4,2.5,2,1,9,3,20150506,3260,5608,3260,0,2003,0,810000 
806800090,98092,47.3357,-122.175,3,1.75,1,1,7,3,20150506,1890,5000,1890,0,2003,0,275000 
5100401441,98115,47.6929,-122.321,4,2,2,1,7,3,20150506,1720,5413,1470,250,1938,1980,495000 
7974200902,98115,47.6772,-122.285,4,2.5,1,1,8,3,20150506,1710,5000,1110,600,1979,0,637000 
7857003046,98118,47.5376,-122.292,5,3,1,1,7,3,20150506,2008,5050,1216,792,1992,0,460000 
3265300410,98115,47.6996,-122.308,3,1,1,1,8,3,20150506,2150,8480,1610,540,1951,0,370000 
7517500310,98107,47.6626,-122.361,3,1,1.5,1,7,4,20150506,1460,6198,1460,0,1916,0,775000 
8856970440,98038,47.3848,-122.033,3,2.5,2,1,7,3,20150506,2020,4845,2020,0,2001,0,353500 
7977200995,98115,47.6853,-122.293,3,2,1,1,7,3,20150506,1160,6120,1160,0,1947,0,506000 
7550800736,98107,47.6749,-122.398,2,1.75,1,1,7,2,20150506,1180,5000,880,300,1925,0,600000 
2660500095,98118,47.5569,-122.288,4,1,1.5,1,7,3,20150506,1710,6050,1410,300,1913,0,715000 
1823059159,98055,47.4874,-122.207,2,1,1,1,5,3,20150506,850,5000,850,0,1907,0,298000 
2126059172,98034,47.7256,-122.166,3,2.25,1,1,7,4,20150506,1560,12000,1110,450,1968,0,491500 
3013300980,98136,47.5305,-122.384,3,1,1,1,7,4,20150506,1070,4505,1070,0,1919,0,640500 
255460330,98038,47.3699,-122.019,3,2.5,2,1,8,3,20150506,2370,4200,2370,0,2014,0,388598 
3013300510,98136,47.5294,-122.386,2,1,1,1,6,3,20150506,820,4234,820,0,1951,0,389950 
4443800385,98117,47.6842,-122.393,2,1,1,1,7,3,20150506,1480,4080,1050,430,1949,0,778100 
1982200675,98107,47.6624,-122.361,4,2.75,2,1,8,3,20150506,2720,3840,1790,930,1920,2009,860000 
1105000373,98118,47.5427,-122.272,2,1.5,2,1,7,3,20150506,1110,986,950,160,2009,0,252500 
6064800060,98118,47.5417,-122.289,3,2.25,2,1,7,3,20150506,1960,1985,1750,210,2003,0,330000 
2768301217,98107,47.6659,-122.369,3,2.5,2,1,7,3,20150506,1980,1873,1470,510,1996,0,580000 
3298701066,98106,47.5177,-122.354,3,1,1.5,1,6,4,20150506,1230,2353,1230,0,1925,0,240000 
993002177,98103,47.6908,-122.341,3,2.5,3,1,8,3,20150506,1380,1547,1380,0,2000,0,345000 
2767603577,98107,47.6719,-122.38,2,1.5,3,1,8,3,20150506,1170,1250,1170,0,2000,0,475000 
2810100007,98136,47.5419,-122.388,3,2.25,3,1,8,3,20150506,1250,811,1250,0,2014,0,419950 
2129700320,98019,47.7182,-121.956,1,0.75,1,1,6,3,20150505,940,87120,940,0,1944,0,250000 
322069109,98038,47.4206,-122.023,2,2.25,1,1,7,4,20150505,1910,108900,1010,900,1972,0,411000 
3523069008,98038,47.4375,-122.008,4,3.25,1,1,10,3,20150505,4360,210254,2320,2040,2000,0,890000 
2022069200,98038,47.3828,-122.071,4,2.5,1,1,8,3,20150505,2210,49375,2210,0,1997,0,455000 
1525059261,98005,47.6568,-122.154,5,4.5,2,1,12,3,20150505,5160,44315,5160,0,1996,0,1900000 
5561000330,98027,47.4619,-121.991,3,1.75,1,1,8,4,20150505,2620,38350,1320,1300,1977,0,525000 
2124069103,98027,47.5491,-122.046,3,1.75,1,1,7,3,20150505,1510,18439,1510,0,1971,0,374000 
7702600949,98058,47.4283,-122.102,4,3.5,2,1,9,3,20150505,3610,6345,2370,1240,2008,0,603000 
6446200365,98029,47.5529,-122.027,5,1.75,2,1,7,4,20150505,3240,34510,2690,550,1963,0,605000 
9406510130,98038,47.3832,-122.057,5,3.5,2,1,9,3,20150505,3740,24684,2760,980,1998,0,448000 
5057100090,98042,47.3587,-122.163,5,2.75,2,1,9,3,20150505,3078,6371,3078,0,2014,0,459950 
4139660430,98006,47.5502,-122.13,5,3,2,1,10,3,20150505,3640,28531,3640,0,1996,0,1200690 
6649900030,98177,47.7762,-122.367,3,2,1,1,7,4,20150505,1590,11222,1590,0,1948,0,485000 
9471200265,98105,47.6701,-122.259,4,3.25,2,1,12,3,20150505,3960,16224,3100,860,1938,0,2500000 
5469500020,98042,47.3863,-122.158,3,2.25,2,1,8,4,20150505,2170,15000,2170,0,1978,0,439950 
3025059089,98004,47.6304,-122.218,3,1.5,1,1,7,3,20150505,1700,8050,1130,570,1950,0,950000 
9541600490,98005,47.5963,-122.171,4,2.5,1,1,9,4,20150505,3510,17400,1930,1580,1957,0,931088 
1777600450,98006,47.5696,-122.127,5,3,1,1,8,4,20150505,2500,11779,1550,950,1971,0,730000 
2022059308,98030,47.3744,-122.19,3,2,1,1,7,3,20150505,1678,13862,1678,0,1994,0,353000 
1775930140,98072,47.7427,-122.109,3,1.75,1,1,8,3,20150505,1830,17349,1230,600,1977,0,365000 
3758900037,98033,47.6993,-122.206,4,2.5,2,1,9,4,20150505,2580,10631,2580,0,1992,0,865000 
7376300085,98008,47.6353,-122.123,3,1.75,1,1,7,3,20150505,1430,10350,1430,0,1959,0,530000 
8108600442,98188,47.4599,-122.276,3,1,1,1,7,4,20150505,1270,16800,1270,0,1957,0,254000 
511700170,98055,47.4414,-122.189,4,2.25,1,1,7,5,20150505,1780,10416,1060,720,1963,0,350000 
7784000180,98146,47.4933,-122.367,3,2,2,1,7,4,20150505,2168,12616,2168,0,1950,0,625000 
5104650020,98031,47.42,-122.205,3,2.5,2,1,8,3,20150505,2530,8820,2530,0,1997,0,429000 
6139100101,98155,47.7598,-122.328,4,2,1,1,7,4,20150505,1580,7300,1580,0,1955,0,405100 
9117000170,98055,47.4362,-122.187,4,2.25,2,1,7,3,20150505,1810,9240,1810,0,1961,0,268643 
723049530,98146,47.4952,-122.34,3,1,1,1,6,3,20150505,1130,12212,1130,0,1942,0,126500 
7201900370,98052,47.7012,-122.131,3,1,1,1,7,4,20150505,1250,8412,1250,0,1975,0,440000 
6072300800,98006,47.5569,-122.172,4,1.75,1,1,8,4,20150505,2510,8989,1680,830,1964,0,595000 
8121200810,98052,47.7206,-122.11,4,1.75,1,1,8,4,20150505,2430,7559,1580,850,1981,0,585000 
2273600410,98033,47.6869,-122.186,3,3,1,1,7,4,20150505,1530,9999,1150,380,1983,0,546000 
1787600252,98125,47.7259,-122.328,2,1,1,1,7,3,20150505,1150,6098,950,200,1948,0,282000 
5198600005,98002,47.3137,-122.212,3,1.5,1,1,7,4,20150505,1200,7800,1200,0,1958,0,195000 
8732190460,98023,47.3107,-122.397,3,1.75,1,1,8,3,20150505,1680,8725,1240,440,1978,0,260000 
3876810170,98072,47.7423,-122.173,3,1,1,1,7,4,20150505,900,9600,900,0,1970,0,329000 
3739500096,98155,47.7372,-122.307,3,2,1,1,6,4,20150505,1540,6000,1540,0,1953,0,430000 
9430110120,98052,47.6842,-122.155,3,2.5,2,1,9,3,20150505,2300,7800,2300,0,1997,0,737000 
3235390010,98031,47.3871,-122.189,3,1.75,1,1,8,3,20150505,1420,8126,1420,0,1991,0,265000 
8802400644,98031,47.4024,-122.216,3,2.5,2,1,7,3,20150505,2030,8000,2030,0,1997,0,305000 
5559600140,98003,47.3211,-122.325,3,2,1,1,7,3,20150505,1490,7651,1490,0,1988,0,253000 
1900000035,98166,47.4697,-122.349,1,1,1,1,6,3,20150505,620,7620,620,0,1926,0,212000 
323059316,98059,47.5104,-122.154,5,2.5,2,1,8,3,20150505,3190,6178,3190,0,2003,0,535000 
2215900900,98038,47.3518,-122.057,3,2.5,2,1,7,4,20150505,1690,8564,1690,0,1992,0,295000 
739820050,98031,47.4029,-122.196,3,2.5,2,1,7,4,20150505,1730,7200,1730,0,1985,0,250000 
3374300030,98034,47.719,-122.173,4,2.5,1.5,1,6,4,20150505,1770,8155,1770,0,1970,1993,500000 
9250900124,98133,47.773,-122.349,4,1,1,1,7,5,20150505,1300,6075,1300,0,1954,0,378000 
3343902281,98056,47.5135,-122.193,2,1,1,1,7,3,20150505,1020,8102,1020,0,1956,0,310000 
6453550090,98074,47.606,-122.052,4,2.5,2,1,10,3,20150505,3650,7090,3650,0,2008,0,861111 
3260810260,98003,47.3487,-122.304,3,2.5,2,1,8,3,20150505,2050,7205,2050,0,2000,0,375000 
5214500660,98059,47.4899,-122.138,4,2.5,2,1,8,3,20150505,3070,7200,3070,0,2005,0,525000 
4178500580,98042,47.3595,-122.089,4,2.25,2,1,7,4,20150505,2200,7150,2200,0,1990,0,339950 
7335400215,98002,47.3046,-122.215,1,0.75,1,1,5,4,20150505,760,5746,760,0,1915,0,95000 
1591000015,98106,47.5168,-122.351,3,1,1,1,7,4,20150505,1200,6615,1200,0,1954,0,260000 
7853440050,98024,47.5254,-121.886,5,4.5,2,1,9,3,20150505,4000,6713,4000,0,2015,0,771005 
2946001950,98198,47.4187,-122.323,3,1,1,1,6,4,20150505,1260,6000,1260,0,1954,0,248000 
59000201,98116,47.5782,-122.4,1,1,1,1,8,3,20150505,1940,6300,1940,0,1963,0,611206 
808300550,98019,47.7235,-121.958,4,2.5,2,1,7,3,20150505,2260,6300,2260,0,2001,0,453250 
808300490,98019,47.7241,-121.957,4,2.5,2,1,7,3,20150505,2120,6497,2120,0,2003,0,414000 
795002455,98168,47.5102,-122.33,2,1,1,1,6,3,20150505,970,12500,970,0,1941,0,261000 
9412900055,98118,47.5362,-122.268,3,1.75,1,1,6,3,20150505,2390,6000,1240,1150,1908,0,405000 
1180005220,98178,47.495,-122.227,2,1,1,1,5,4,20150505,1070,6000,1070,0,1922,0,225000 
7852010940,98065,47.5371,-121.87,3,2.5,2,1,8,3,20150505,2400,5817,2400,0,1998,0,540000 
5249804760,98118,47.5598,-122.266,2,1,1,1,6,3,20150505,930,5760,730,200,1917,0,479500 
5100402606,98115,47.6934,-122.321,3,1.75,1,1,7,4,20150505,1090,6775,850,240,1950,0,680000 
8699100240,98002,47.3054,-122.221,6,2.75,1,1,6,4,20150505,3240,5750,2160,1080,1950,0,370000 
9178600055,98103,47.6554,-122.333,2,1,1,1,7,3,20150505,1140,3990,1140,0,1924,0,695000 
4218400671,98105,47.6618,-122.273,4,2.25,2,1,8,3,20150505,3530,5500,2860,670,1940,0,1655000 
7852030790,98065,47.5328,-121.881,4,2.5,2,1,7,3,20150505,2960,5027,2960,0,2000,0,500000 
441000065,98115,47.6878,-122.29,2,1.5,1,1,7,4,20150505,1290,5141,1050,240,1947,0,653000 
3023000200,98038,47.356,-122.057,4,2.5,2,1,8,3,20150505,2110,5306,2110,0,2012,0,380000 
1370800830,98199,47.6396,-122.409,3,3.25,2,1,10,3,20150505,3960,6132,2600,1360,1933,0,1220000 
7853301130,98065,47.5407,-121.89,4,2.25,2,1,7,3,20150505,2440,5000,2440,0,2007,0,499000 
3213200180,98115,47.6726,-122.264,2,1.75,1,1,8,3,20150505,1530,4387,1020,510,1952,0,700180 
1868901690,98115,47.6756,-122.299,3,1.75,1.5,1,7,3,20150505,2040,5000,1780,260,1924,0,600000 
3693901801,98117,47.6771,-122.398,3,2,1,1,7,3,20150505,940,5000,880,60,1941,0,575000 
7215721570,98075,47.5989,-122.016,3,2.5,2,1,8,3,20150505,1910,4941,1910,0,1999,0,570000 
1773100620,98106,47.557,-122.365,5,3,1,1,7,3,20150505,2320,8400,1510,810,1963,0,350000 
3530440140,98198,47.3794,-122.317,2,1.75,1,1,8,4,20150505,1370,4495,1370,0,1975,0,276200 
3904980270,98029,47.5746,-122.009,3,2.5,2,1,8,3,20150505,1800,3933,1800,0,1989,0,517500 
3530470190,98198,47.3829,-122.322,1,1.5,1.5,1,8,4,20150505,1100,3451,1100,0,1978,0,220000 
1797500530,98115,47.6746,-122.315,1,1,1,1,7,3,20150505,1220,4160,1220,0,1922,0,655100 
2419700080,98034,47.6705,-122.146,4,2.5,3,1,8,3,20150505,2910,4356,2910,0,2010,0,915000 
7518505375,98117,47.6761,-122.384,3,1,1.5,1,7,3,20150505,860,1664,860,0,1927,0,399900 
6738700205,98144,47.5842,-122.292,4,3.5,1.5,1,7,3,20150505,2830,4000,1840,990,1919,2014,1115500 
8121100015,98118,47.5683,-122.285,3,1,1,1,6,4,20150505,1070,3713,1070,0,1917,0,550000 
6700390230,98031,47.4033,-122.187,3,2.5,2,1,7,3,20150505,1720,3951,1720,0,1992,0,256900 
7228500037,98122,47.6161,-122.302,2,1.5,2,1,8,3,20150505,1190,1361,1190,0,2007,0,555000 
9268850860,98027,47.5394,-122.028,5,3.25,2,1,8,3,20150505,2710,2356,2230,480,2013,0,715000 
1843200240,98092,47.2852,-122.19,2,1.5,2,1,7,3,20150505,1360,1898,1360,0,1978,0,200000 
952005863,98116,47.5633,-122.385,3,2.25,3,1,9,3,20150505,1760,2122,1760,0,2015,0,643950 
3630020430,98029,47.5468,-121.998,3,2.5,2,1,8,3,20150505,1470,1445,1160,310,2005,0,420000 
2254501342,98122,47.6124,-122.314,2,1.5,2,1,7,3,20150505,1140,1149,940,200,2001,0,518000 
1525069088,98053,47.6472,-122.017,5,3.25,2,1,8,3,20150504,4240,226097,3410,830,1980,0,442500 
2820069048,98022,47.1941,-122.038,4,2.5,1.5,1,8,5,20150504,2480,176418,2480,0,1927,0,468000 
1126059201,98072,47.7522,-122.13,5,3.25,2,1,12,3,20150504,4410,35192,3880,530,1990,0,1268890 
1822079046,98038,47.3944,-121.972,3,2,1,1,8,4,20150504,3040,41072,1520,1520,1978,0,500000 
1324079085,98024,47.5602,-121.86,3,1.5,1,1,7,3,20150504,1050,57499,1050,0,1975,0,378000 
6061000010,98092,47.2576,-122.099,4,2.75,1,1,7,4,20150504,2230,50094,1330,900,1977,0,323000 
7215420590,98042,47.3401,-122.067,4,2.5,2,1,9,3,20150504,2940,35996,2940,0,1995,0,530000 
6446200050,98029,47.5521,-122.03,3,1.75,1,1,8,3,20150504,2590,25992,1970,620,1968,0,540000 
722039087,98070,47.4145,-122.463,2,1,1,1,6,2,20150504,990,57499,990,0,1949,0,329000 
7792000140,98022,47.1967,-121.966,4,2.5,1.5,1,8,3,20150504,3060,27251,3060,0,2008,0,369000 
7964410100,98074,47.6099,-122.054,4,3.5,1,1,9,3,20150504,5360,25800,3270,2090,1971,0,700000 
7960900060,98004,47.6312,-122.223,4,3.25,1.5,1,11,3,20150504,5050,20100,4750,300,1982,2008,2900000 
3326079016,98014,47.6888,-121.909,2,1,1,1,5,2,20150504,710,1164794,710,0,1915,0,190000 
8835800450,98045,47.4496,-121.766,3,2.5,1,1,10,3,20150504,2780,275033,2780,0,2006,0,950000 
3295610490,98075,47.567,-122.033,4,3.25,2,1,10,3,20150504,3526,15958,3526,0,1997,0,911000 
1823069088,98059,47.4801,-122.092,2,1.75,1,1,7,4,20150504,1300,22239,1300,0,1945,1986,492000 
1245500950,98033,47.6918,-122.216,4,2.5,1,1,7,3,20150504,2190,6300,1240,950,1960,0,1100000 
1326069050,98019,47.7388,-121.972,2,2,1,1,7,3,20150504,2370,155130,2370,0,1970,0,750000 
6189200260,98005,47.6328,-122.174,3,2,1,1,7,3,20150504,1580,14398,1080,500,1981,0,617450 
5151600195,98003,47.3348,-122.324,4,1.75,1,1,8,4,20150504,1830,12540,1130,700,1958,0,283200 
1742800430,98055,47.4883,-122.225,5,1.75,1,1,8,3,20150504,3250,13702,1650,1600,1965,0,463828 
5152200020,98003,47.3321,-122.323,3,1.75,1,1,8,3,20150504,1620,12825,1340,280,1962,0,298000 
326049038,98155,47.7671,-122.291,4,2.75,2,1,7,3,20150504,2700,9882,2700,0,1958,1989,520000 
8856920110,98058,47.4621,-122.129,3,2.5,2,1,8,3,20150504,2150,14092,2150,0,1991,0,360000 
3579800180,98034,47.7325,-122.242,4,1.5,1.5,1,7,4,20150504,1800,10150,1800,0,1958,0,449950 
3578401060,98074,47.6233,-122.046,3,2.25,2,1,8,4,20150504,1920,9672,1920,0,1984,0,625000 
7923300230,98007,47.5942,-122.136,3,1,1,1,7,4,20150504,1480,10094,1480,0,1956,0,479000 
2553300120,98075,47.5851,-122.028,3,2,1,1,10,3,20150504,2020,10584,2020,0,1994,0,629500 
6083000123,98168,47.4874,-122.306,3,1,1,1,6,3,20150504,1140,10477,1140,0,1942,0,158000 
9407111220,98045,47.4461,-121.769,2,1,1,1,7,3,20150504,1020,9200,1020,0,1978,0,303000 
7787120500,98045,47.4808,-121.781,4,2.5,2,1,8,3,20150504,2400,8320,2400,0,1999,0,515055 
1236300146,98033,47.6889,-122.187,3,1.5,1,1,7,4,20150504,1300,7287,1300,0,1965,0,570000 
7787920180,98019,47.7268,-121.957,5,2.5,2,1,8,3,20150504,3220,10572,3220,0,2006,0,534950 
5162100820,98003,47.341,-122.318,4,2.5,1,1,8,3,20150504,2420,11481,1370,1050,1985,0,345000 
8078410280,98074,47.6366,-122.029,3,2.5,2,1,8,4,20150504,1980,9061,1980,0,1987,0,550000 
9264950410,98023,47.3059,-122.349,4,2.5,2,1,9,3,20150504,2550,7349,2550,0,1989,0,369000 
7305300370,98155,47.753,-122.328,3,1.5,1,1,6,5,20150504,1240,8410,1240,0,1948,0,390000 
4345000170,98030,47.365,-122.184,3,2.75,1,1,7,3,20150504,1320,15236,880,440,1995,0,210000 
3832600080,98032,47.3663,-122.285,3,2.25,1,1,7,3,20150504,1740,7345,1380,360,1973,0,270000 
1443500925,98118,47.5328,-122.274,2,1,1,1,6,3,20150504,1140,11480,1140,0,1907,0,455000 
2023059052,98055,47.4657,-122.198,3,1,1,1,6,2,20150504,1350,92721,1200,150,1946,0,450000 
7236100025,98056,47.4905,-122.18,3,1,1,1,7,4,20150504,1020,8400,1020,0,1957,0,280000 
626049058,98133,47.7753,-122.355,5,2.5,1,1,7,3,20150504,2570,17234,1300,1270,1959,0,275000 
8079050010,98059,47.5101,-122.151,3,2.5,2,1,8,3,20150504,2070,8581,2070,0,1994,0,470000 
9197100101,98032,47.3759,-122.238,2,1,1,1,6,4,20150504,1010,5408,1010,0,1926,0,225000 
7972601280,98106,47.5298,-122.344,5,3.25,1,1,7,3,20150504,2500,7620,1250,1250,1962,0,495000 
4078300050,98125,47.7071,-122.276,3,2.75,2,1,7,5,20150504,2910,3094,2010,900,1939,0,780000 
1220000100,98166,47.4655,-122.346,1,1,1,1,5,4,20150504,970,7639,570,400,1920,0,215000 
5214510060,98059,47.4939,-122.137,5,2.5,2,1,8,3,20150504,3070,7200,3070,0,2005,0,575000 
4370700065,98115,47.6911,-122.326,3,2.25,2,1,7,4,20150504,2850,6281,1900,950,1947,0,907500 
3448001975,98125,47.7127,-122.296,1,0.75,1,1,6,3,20150504,930,6600,930,0,1924,0,351000 
5166700055,98126,47.5559,-122.379,4,2.75,1,1,7,4,20150504,2340,6350,1310,1030,1974,0,645000 
7853420110,98065,47.5184,-121.886,3,3,2,1,9,3,20150504,2780,6000,2780,0,2013,0,625000 
3878900464,98178,47.5071,-122.249,2,1.75,1,1,7,3,20150504,1870,6625,960,910,1948,0,229500 
7215730120,98075,47.5975,-122.018,3,2.5,2,1,8,3,20150504,2170,5500,2170,0,2000,0,606500 
5037300130,98199,47.6339,-122.392,3,1.75,1,1,8,4,20150504,1580,5750,1330,250,1947,0,672500 
5104510340,98038,47.3565,-122.015,4,2.5,2,1,7,3,20150504,1830,7308,1830,0,2002,0,358000 
3878900815,98178,47.5072,-122.252,3,2.25,1,1,7,3,20150504,2470,5650,1550,920,1973,0,361000 
5273200060,98115,47.6799,-122.279,3,1.5,1,1,7,4,20150504,1750,5400,1050,700,1952,0,716528 
1443500395,98118,47.5329,-122.271,3,1.5,1,1,7,4,20150504,1060,6232,1060,0,1968,0,360000 
1895000045,98118,47.5156,-122.262,2,1,1,1,6,3,20150504,820,5100,820,0,1953,0,195000 
3624039074,98126,47.531,-122.373,3,1,1,1,6,3,20150504,1210,5200,1210,0,1941,0,430000 
3905040070,98029,47.5707,-121.999,3,2.5,2,1,8,3,20150504,1670,5146,1670,0,1991,0,540000 
312000265,98136,47.557,-122.395,2,1,1,1,6,3,20150504,790,5120,790,0,1950,0,375000 
2856101755,98117,47.679,-122.39,3,2,1.5,1,7,4,20150504,1700,5100,1500,200,1924,0,712000 
8682301600,98053,47.7169,-122.02,3,2.5,2,1,8,3,20150504,1810,3930,1810,0,2008,0,540000 
1090000005,98136,47.5322,-122.392,2,1,1.5,1,7,3,20150504,1210,5600,1210,0,1922,0,402000 
9187200045,98122,47.6024,-122.296,4,1.5,2,1,8,4,20150504,2120,5000,2120,0,1900,0,625000 
6681500205,98199,47.6456,-122.387,4,2.25,1,1,7,3,20150504,1900,5000,1400,500,1963,0,658500 
8682231330,98053,47.7111,-122.032,2,2,1,1,8,3,20150504,1560,4823,1560,0,2004,0,519000 
4321200600,98126,47.5727,-122.376,4,2,1.5,1,7,3,20150504,2210,5572,1760,450,1911,0,510000 
7518500855,98117,47.6826,-122.378,4,2,1.5,1,7,4,20150504,1400,4690,1400,0,1945,0,658600 
8651401270,98042,47.3637,-122.083,3,1,1,1,6,5,20150504,840,6500,840,0,1969,0,203000 
4083306345,98103,47.6497,-122.336,4,1.5,1.5,1,8,4,20150504,2100,4560,2100,0,1912,0,1000000 
9828201745,98122,47.6144,-122.295,2,1.5,1.5,1,7,3,20150504,880,2400,880,0,1929,0,615000 
9542830480,98038,47.3655,-122.017,3,2.5,2,1,7,3,20150504,2090,3821,2090,0,2008,0,355900 
7694200090,98146,47.5016,-122.341,3,2.5,2,1,8,3,20150504,1730,4086,1730,0,2013,0,350000 
1257201010,98103,47.6742,-122.329,2,1,1,1,7,3,20150504,1510,4080,1010,500,1923,0,698000 
1231000510,98118,47.5554,-122.27,3,1.75,1,1,6,3,20150504,1490,3800,700,790,1913,0,510000 
4070700300,98033,47.6731,-122.199,3,2.5,2,1,9,3,20150504,2080,3729,2080,0,1996,0,898888 
2771601940,98119,47.6378,-122.372,3,1,1,1,8,3,20150504,2280,4600,1250,1030,1936,0,850000 
2513500010,98103,47.6589,-122.341,2,1,1,1,7,4,20150504,990,4000,990,0,1911,0,747000 
1211000280,98122,47.607,-122.297,2,1,1,1,6,3,20150504,750,4500,750,0,1945,0,295000 
2113700115,98106,47.531,-122.351,3,2,1,1,6,5,20150504,1520,4000,800,720,1943,0,369950 
1604600540,98118,47.562,-122.289,3,1,1.5,1,7,4,20150504,1430,5960,1430,0,1917,0,450000 
2464400280,98115,47.6855,-122.321,4,3.5,2,1,8,3,20150504,2850,2910,1970,880,1905,1996,710000 
3592500985,98112,47.6344,-122.305,4,2.5,2,1,9,3,20150504,2350,4675,2150,200,1923,0,880000 
6145600855,98133,47.7041,-122.353,4,1.75,1,1,7,3,20150504,1920,3844,1170,750,1967,0,502000 
9828701488,98122,47.6192,-122.297,2,1,2,1,8,3,20150504,880,1165,880,0,2005,0,360000 
2652501630,98109,47.6402,-122.357,3,1.5,1,1,7,3,20150504,1410,3600,1410,0,1906,0,626700 
9547205660,98115,47.6819,-122.311,3,2.25,2,1,7,5,20150504,1700,2800,1150,550,1926,0,603000 
6705120100,98006,47.5429,-122.188,3,2.25,2,1,8,4,20150504,1453,2225,1453,0,1986,0,460000 
3278603000,98126,47.5476,-122.37,3,3,2,1,8,3,20150504,2440,2076,1930,510,2006,0,459000 
3438501327,98106,47.5488,-122.364,2,2.5,2,1,7,3,20150504,1570,2399,1180,390,2009,0,352500 
7137300040,98144,47.5923,-122.298,5,3.5,3,1,8,3,20150504,2950,2932,2950,0,2004,0,619000 
6821102340,98199,47.6471,-122.397,3,1.5,2,1,7,3,20150504,1360,1795,1360,0,1945,0,415000 
6300000226,98133,47.7076,-122.342,4,1,1.5,1,7,3,20150504,1200,2171,1200,0,1933,0,380000 
3630020090,98029,47.5464,-121.999,3,2.5,2,1,8,3,20150504,1470,1741,1170,300,2004,0,454280 
9828200746,98122,47.6175,-122.298,2,1.5,2,1,8,3,20150504,1120,1024,1120,0,1970,1998,440000 
9137101696,98115,47.6801,-122.322,3,2.5,3,1,7,3,20150504,1660,1692,1610,50,2005,0,605000 
8730000260,98133,47.7053,-122.342,2,2.75,2,1,8,3,20150504,1370,1140,1080,290,2009,0,369950 
8562780430,98027,47.5323,-122.071,2,1.75,2,1,7,3,20150504,1150,698,1150,0,2013,0,346100 
6116500028,98166,47.4521,-122.36,3,1.75,1,1,7,4,20150503,1630,9000,1630,0,1956,0,431000 
7663700030,98155,47.7345,-122.285,2,2.5,2,2,8,3,20150503,1770,7155,1770,0,1957,2004,1175000 
1226039058,98133,47.7604,-122.356,4,1.75,1,1,7,4,20150503,2520,11017,1320,1200,1956,0,425000 
3235100075,98155,47.766,-122.32,3,1,1,1,6,3,20150503,1010,7903,1010,0,1948,0,279000 
1062100075,98155,47.7518,-122.279,2,1,1,1,7,4,20150503,980,5000,980,0,1950,0,455000 
3126049107,98103,47.6912,-122.334,2,1,1,1,7,4,20150503,1640,5515,940,700,1926,0,577500 
7015200136,98119,47.6501,-122.37,5,1,1.5,1,9,3,20150503,2010,5210,1890,120,1927,0,1000000 
7625704317,98136,47.5441,-122.39,2,1,1,1,6,3,20150503,840,4500,840,0,1939,0,377500 
2708100130,98103,47.6828,-122.353,2,1,1,1,7,4,20150503,1070,3000,870,200,1926,0,550000 
7899800905,98106,47.5222,-122.357,3,1.75,1,1,6,3,20150503,1150,10240,1030,120,1918,0,475000 
4055700030,98034,47.7183,-122.258,3,4.5,2,1,10,3,20150502,3970,24920,3260,710,1977,1999,1450000 
421000455,98056,47.4945,-122.166,3,1,1,1,5,4,20150502,1360,5840,1360,0,1953,0,253200 
3793500510,98038,47.367,-122.031,4,2.5,2,1,7,3,20150502,3200,6691,3200,0,2002,0,422000 
3345700207,98056,47.5252,-122.192,4,3.5,2,1,8,3,20150502,2850,5577,1950,900,2014,0,608500 
1873100490,98052,47.7065,-122.109,4,2.5,2,1,9,3,20150502,3520,8095,3520,0,2006,0,760000 
7518507580,98117,47.6784,-122.386,2,1,1,1,7,4,20150502,1170,4080,1170,0,1909,0,581000 
822039025,98070,47.4096,-122.449,3,2.5,1.5,1,10,3,20150501,2260,251460,2260,0,1995,0,777700 
2521059060,98092,47.2848,-122.118,3,2.25,2,1,9,4,20150501,2840,107157,2840,0,1983,0,490000 
3424089119,98045,47.5192,-121.764,3,2.5,2,1,7,3,20150501,3240,60840,3240,0,1997,0,654000 
6667400090,98005,47.6587,-122.163,4,3.25,1,1,11,3,20150501,2880,35315,2270,610,1982,0,845000 
4268200055,98178,47.4945,-122.22,3,1.75,1,1,7,3,20150501,1740,11547,1740,0,1954,0,245000 
2591720160,98038,47.3735,-122.018,3,2.75,2,1,10,3,20150501,3510,92347,3510,0,1990,0,674950 
3585900460,98177,47.7599,-122.375,6,2.75,1,1,8,3,20150501,2980,20000,2130,850,1965,0,1058800 
1775500371,98072,47.7412,-122.087,4,2.5,1.5,1,10,3,20150501,3140,32336,3140,0,1995,0,712000 
6065300840,98006,47.5701,-122.188,4,4,1,1,10,5,20150501,5040,17208,2870,2170,1976,0,2850000 
3024059057,98040,47.5455,-122.214,4,4.5,2,1,9,3,20150501,5550,16065,3880,1670,2003,0,1650000 
2524049215,98040,47.5355,-122.242,4,3.75,2,1,10,4,20150501,3730,17000,2820,910,1986,0,1564350 
3623500049,98040,47.5762,-122.239,4,2.25,2,1,8,5,20150501,2320,13114,2320,0,1967,0,1200000 
8644210110,98075,47.5783,-121.994,3,2.5,1,1,10,3,20150501,3320,12840,2600,720,1990,0,792000 
2206900065,98006,47.5734,-122.153,3,1.5,1,1,7,1,20150501,1430,11173,1430,0,1955,0,380000 
7979900552,98155,47.7444,-122.294,3,1,1.5,1,7,3,20150501,1040,6720,1040,0,1951,0,361000 
6206100030,98005,47.5908,-122.173,3,1,1,1,7,4,20150501,980,10960,980,0,1953,0,550000 
8691300380,98075,47.5879,-121.973,3,2.75,2,1,10,3,20150501,2940,12487,2940,0,1997,0,795000 
3759500046,98033,47.6984,-122.201,3,2.5,1,1,8,3,20150501,2600,10183,1300,1300,2004,0,748000 
3935900005,98125,47.7117,-122.278,4,2.25,1,1,10,5,20150501,2740,11343,1980,760,1953,0,1039000 
4167800130,98023,47.3257,-122.365,5,2.25,1,1,8,4,20150501,2600,9600,1810,790,1969,0,310000 
7200001005,98052,47.684,-122.113,3,1.75,1,1,7,4,20150501,1510,10450,1510,0,1964,0,593777 
7787920250,98019,47.7273,-121.958,4,2.5,2,1,8,3,20150501,3220,9328,3220,0,2006,0,550000 
5589900761,98155,47.7505,-122.312,2,1,1,1,6,4,20150501,770,6731,770,0,1943,0,315000 
7200001259,98052,47.6809,-122.113,3,1.75,1,1,8,3,20150501,2390,9000,1500,890,1975,0,570000 
4435000145,98188,47.4514,-122.287,4,1.75,1.5,1,6,3,20150501,1340,8700,1340,0,1958,0,263000 
8001600130,98001,47.3196,-122.272,3,2.5,1,1,8,3,20150501,1770,9450,1770,0,1988,0,289950 
3243100080,98059,47.4852,-122.125,3,1,1,1,7,3,20150501,1130,7920,1130,0,1961,0,270000 
4027701265,98028,47.7666,-122.265,3,1.75,1,1,8,3,20150501,2920,21375,1850,1070,1961,0,480000 
1566100555,98115,47.6986,-122.297,4,2,1,1,7,4,20150501,2280,8339,1220,1060,1954,0,721000 
6204420070,98011,47.7373,-122.197,4,1.75,1,1,7,3,20150501,1570,8268,1570,0,1979,0,452000 
3876313120,98072,47.7346,-122.17,3,1.75,1,1,7,3,20150501,1800,7210,1370,430,1976,0,505000 
8562000010,98042,47.3639,-122.08,3,1.75,1,1,7,3,20150501,1210,8864,1210,0,1985,0,244500 
3354400060,98001,47.2685,-122.231,2,1,1,1,6,3,20150501,1088,8453,1088,0,1952,2009,238000 
123039642,98146,47.5031,-122.372,3,2.5,1,1,7,3,20150501,1970,14876,1320,650,1981,0,540000 
1562100220,98007,47.622,-122.14,6,2,1,1,8,4,20150501,2610,9132,1320,1290,1965,0,605000 
705700580,98038,47.3814,-122.024,4,2.75,2,1,7,3,20150501,2170,9743,2170,0,1995,0,366000 
6378500125,98133,47.7107,-122.352,2,1,1,1,7,4,20150501,1040,7538,1040,0,1939,0,436000 
1068000150,98199,47.6448,-122.409,4,3.25,2,1,11,4,20150501,3910,7500,2550,1360,1933,0,1999000 
1450000050,98002,47.2881,-122.22,3,1,1,1,6,4,20150501,900,7576,900,0,1959,0,201000 
2893000280,98031,47.4119,-122.181,3,1.75,1,1,7,3,20150501,2200,7700,1240,960,1975,0,216600 
7202000220,98052,47.7,-122.129,4,1.5,1,1,7,4,20150501,1470,5850,810,660,1973,0,426000 
3353402390,98001,47.2642,-122.258,3,1,1.5,1,5,4,20150501,1150,6480,1150,0,1946,0,171500 
8091410530,98030,47.3511,-122.169,3,2.5,2,1,7,4,20150501,1540,7739,1540,0,1986,0,270000 
2909300240,98074,47.6077,-122.02,3,2.5,2,1,8,3,20150501,2810,6300,2810,0,2001,0,725000 
6620400025,98168,47.5131,-122.334,3,1,1,1,7,3,20150501,1380,9875,1380,0,1959,0,245000 
4305500030,98059,47.4815,-122.127,3,2.5,2,1,9,3,20150501,3220,6409,3220,0,2008,0,625000 
4123800330,98038,47.3779,-122.045,3,2.25,2,1,7,3,20150501,1870,5876,1870,0,1986,0,335000 
7896300070,98118,47.5223,-122.286,4,1,1,1,6,3,20150501,1290,6034,1050,240,1950,0,265000 
3336000050,98118,47.5282,-122.269,6,3,1,1,7,4,20150501,3560,4290,1780,1780,1957,0,435000 
582000644,98199,47.6515,-122.397,4,2,1,1,9,3,20150501,1990,6000,1260,730,1956,2015,872500 
7883604065,98108,47.5275,-122.323,2,1,1.5,1,6,4,20150501,1100,6000,1100,0,1900,0,210000 
5101406489,98125,47.7015,-122.316,3,2,1,1,7,4,20150501,1400,6380,700,700,1924,0,432000 
9512200090,98058,47.4593,-122.134,3,1.75,1,1,10,3,20150501,2340,7724,2340,0,2010,0,529000 
1596600060,98144,47.5723,-122.304,1,1,1,1,6,3,20150501,660,2600,660,0,1919,0,250000 
1794501390,98119,47.637,-122.361,3,1.5,2,1,8,4,20150501,2540,2700,1630,910,1922,0,1190000 
3832050570,98042,47.3359,-122.055,3,2.5,2,1,7,3,20150501,2230,5050,2230,0,2006,0,333700 
4221900030,98105,47.6666,-122.279,2,1,1,1,7,3,20150501,890,5000,890,0,1943,0,682000 
461002025,98117,47.6831,-122.373,2,2,1,1,7,4,20150501,1300,2500,770,530,1926,0,501000 
1931300010,98103,47.6574,-122.345,2,1,1.5,1,5,4,20150501,1170,2800,1170,0,1905,0,562500 
1703900005,98118,47.5551,-122.273,3,1,1,1,6,4,20150501,1210,4872,1210,0,1949,0,465000 
4253400098,98144,47.5788,-122.315,2,3,2,1,7,3,20150501,1160,1073,880,280,2007,0,405000 
7841300230,98055,47.4777,-122.212,4,2,2,1,7,4,20150501,2160,4800,1290,870,1929,0,324950 
9521101315,98103,47.6624,-122.347,3,1,1.5,1,7,3,20150501,1310,5000,1310,0,1906,0,600000 
7954000125,98144,47.5793,-122.294,3,1.75,1,1,7,5,20150501,1880,5978,940,940,1957,0,562000 
538000440,98038,47.3539,-122.025,3,2.5,2,1,7,3,20150501,1580,4698,1580,0,1998,0,325000 
9347300010,98038,47.3568,-122.055,3,2.5,2,1,8,3,20150501,1960,3540,1960,0,2012,0,342000 
2781250970,98038,47.3493,-122.023,2,1.75,1,1,7,3,20150501,1350,4023,1350,0,2005,0,250000 
3862710010,98065,47.5336,-121.841,3,2.5,2,1,8,3,20150501,1650,4777,1650,0,2013,0,424950 
2705600069,98117,47.6987,-122.366,3,2.25,3,1,8,3,20150501,1310,1264,1310,0,2014,0,514950 
475000187,98107,47.6684,-122.365,3,2.5,2,1,8,3,20150501,1150,1194,1020,130,2006,0,452950 
7974700150,98105,47.669,-122.282,5,3.5,2,1,10,3,20150501,3510,4798,2700,810,2008,0,1250000 
2267000458,98117,47.6909,-122.395,3,2.5,3,1,8,3,20150501,1220,1475,1220,0,2000,0,497000 
328000182,98115,47.6864,-122.265,3,3.25,3,1,9,3,20150501,1876,1531,1876,0,2009,0,613500 
6450300605,98133,47.7329,-122.343,3,2,1,1,7,3,20150501,1750,2550,1750,0,1955,0,410000 
6140100028,98133,47.715,-122.355,3,1.75,2,1,8,3,20150501,1496,1423,1248,248,2006,0,370000 
2026049125,98125,47.7263,-122.314,2,2,3,1,7,3,20150501,1030,2271,1030,0,1999,0,310000 
8725950360,98004,47.6215,-122.2,2,1.75,3,1,9,3,20150501,1570,1108,1570,0,2007,0,720000 
3125079013,98024,47.6067,-121.952,3,2.5,1.5,1,9,3,20150430,3970,263538,3970,0,1991,0,1065000 
1125069134,98053,47.6627,-122.003,3,2.25,1,1,9,3,20150430,2980,86636,2230,750,1989,0,825000 
2817910030,98092,47.3109,-122.097,4,2.5,2,1,9,3,20150430,2410,55931,2410,0,1989,0,449500 
9238430430,98072,47.7713,-122.129,4,2.25,2,1,8,3,20150430,2260,43847,2260,0,1982,0,600000 
2954400520,98053,47.6676,-122.069,4,3.25,2,1,10,4,20150430,5180,49936,5180,0,1991,0,1237500 
293800120,98077,47.7635,-122.044,4,2.5,2,1,10,3,20150430,2940,29013,2940,0,1992,0,590000 
6445800015,98029,47.5544,-122.035,3,2.75,1,1,8,3,20150430,1990,31200,1990,0,1986,0,490000 
5559200170,98023,47.3197,-122.343,4,2,2,1,7,3,20150430,2390,23972,1720,670,1949,0,307000 
1523049188,98168,47.4752,-122.271,2,1,1,1,6,3,20150430,700,20130,700,0,1949,0,84000 
8556800090,98022,47.2123,-122.005,5,3.5,2,1,9,3,20150430,3450,19080,3450,0,2001,0,525000 
114100234,98028,47.7668,-122.243,3,2.25,2,1,8,3,20150430,2160,9540,2160,0,1979,0,402500 
1137600190,98030,47.3787,-122.169,3,2,1,1,7,3,20150430,1290,13282,1290,0,1978,0,255000 
3461000120,98155,47.7675,-122.277,4,1.75,1,1,7,3,20150430,1740,12204,1270,470,1961,0,450000 
3649100674,98028,47.7379,-122.248,3,2.5,2,1,9,3,20150430,2390,6263,2390,0,2003,0,535000 
1825069072,98074,47.6544,-122.085,3,2.5,2,1,11,3,20150430,3630,9475,3630,0,1999,0,964000 
3577300040,98028,47.7478,-122.247,3,2.5,1,1,8,3,20150430,1830,8133,1390,440,1996,0,510000 
1023059108,98059,47.499,-122.157,2,1,1,1,5,3,20150430,670,11505,670,0,2003,0,390000 
4024101451,98155,47.761,-122.307,4,1,1.5,1,7,4,20150430,1510,7200,1510,0,1955,0,350000 
8643000185,98198,47.3959,-122.309,3,1.75,1,1,7,3,20150430,1360,9603,1360,0,1963,0,237100 
8649401270,98014,47.713,-121.315,1,1,1.5,1,6,3,20150430,780,10235,780,0,1989,0,167000 
6082400083,98168,47.4849,-122.301,3,1,1,1,7,3,20150430,1010,11675,1010,0,1957,0,166000 
2600110250,98006,47.5505,-122.152,4,2.5,1,1,8,4,20150430,2170,9796,1650,520,1980,0,840000 
9144300060,98072,47.7622,-122.163,3,1,1,1,7,4,20150430,1250,9786,1250,0,1969,0,350000 
3649100320,98028,47.7405,-122.241,2,1,1,1,7,5,20150430,1220,10000,1220,0,1950,0,330000 
7967900150,98001,47.3511,-122.287,4,2.5,2,1,8,3,20150430,3030,9500,3030,0,1989,0,367950 
5379806590,98188,47.4454,-122.289,3,1.5,1,1,7,3,20150430,1430,8861,1430,0,1956,0,280000 
2916600110,98042,47.3655,-122.08,3,1.75,1,1,7,4,20150430,1290,8688,1290,0,1980,0,214946 
9264030040,98001,47.3185,-122.259,3,2.5,2,1,9,3,20150430,2650,12247,2650,0,2002,0,425000 
2621600015,98030,47.3865,-122.217,3,1,1,1,6,3,20150430,1150,8924,1150,0,1943,0,175000 
3861500330,98003,47.2802,-122.303,3,2,1,1,7,4,20150430,1370,8137,1370,0,1988,0,276000 
2597000130,98155,47.7657,-122.272,3,2,1,1,8,3,20150430,1930,10929,1260,670,1964,0,570000 
8732130580,98023,47.3054,-122.38,3,1.75,1,1,7,4,20150430,1740,8625,1240,500,1978,0,280000 
8945200750,98023,47.3074,-122.371,3,1,1,1,6,3,20150430,990,8840,990,0,1966,0,222000 
7853301570,98065,47.5431,-121.886,4,2.5,2,1,9,3,20150430,3550,10968,3550,0,2006,0,685000 
3205200240,98056,47.5382,-122.173,4,1.75,1,1,7,5,20150430,1340,8400,1340,0,1967,0,420000 
8562720420,98027,47.5375,-122.07,4,3.5,2,1,11,3,20150430,4740,8611,3640,1100,2006,0,1349000 
7893800250,98198,47.4091,-122.331,3,2.5,1,1,8,3,20150430,2370,7500,1620,750,1979,0,348000 
4136890560,98092,47.2634,-122.211,4,2.5,2,1,8,3,20150430,2590,11018,2590,0,1998,0,346300 
9541600110,98005,47.595,-122.173,3,2.5,1,1,9,3,20150430,3590,8400,2950,640,1958,2007,1325000 
9542800820,98023,47.305,-122.373,3,2,1,1,7,4,20150430,1900,7980,1340,560,1977,0,235000 
7972601885,98106,47.5279,-122.345,5,1.75,1,1,7,3,20150430,1380,7620,1180,200,1955,0,350000 
2591800340,98058,47.4368,-122.162,3,2.25,2,1,8,4,20150430,1820,7420,1820,0,1983,0,390000 
7893800335,98198,47.4092,-122.33,4,3.25,2,1,7,3,20150430,3380,7500,2420,960,1990,0,328000 
2473420070,98058,47.4514,-122.159,3,1.75,1,1,7,3,20150430,1630,7480,1330,300,1979,0,291600 
7548300751,98144,47.5872,-122.308,2,1.5,2,1,7,3,20150430,1280,2096,1080,200,2007,0,370000 
2310010050,98038,47.3568,-122.038,3,2.25,1,1,7,3,20150430,1570,8767,1180,390,1990,0,274950 
1450100070,98002,47.2898,-122.221,3,1,1,1,6,5,20150430,990,7420,990,0,1960,0,208000 
1895450090,98023,47.2923,-122.36,3,2.5,2,1,8,3,20150430,2060,7658,2060,0,2003,0,323800 
123039346,98146,47.5114,-122.361,3,1.75,1,1,7,3,20150430,1260,17000,1260,0,1994,0,335000 
795002450,98168,47.5099,-122.33,2,1,1,1,6,3,20150430,780,6250,780,0,1942,0,270950 
387000190,98146,47.5011,-122.375,4,2.5,1,1,8,5,20150430,2240,6920,1380,860,1974,0,535000 
2207100165,98007,47.5984,-122.147,4,1.5,1,1,7,4,20150430,1580,10260,1030,550,1955,0,475000 
3438500880,98106,47.5495,-122.357,2,1,1,1,6,3,20150430,810,6827,810,0,1944,0,325000 
7954310210,98056,47.5213,-122.193,4,2.5,2,1,9,3,20150430,3010,6903,3010,0,2001,0,615000 
3271801090,98199,47.647,-122.41,4,2,2,1,10,4,20150430,2590,7220,2590,0,1930,0,1175000 
3438500796,98106,47.5497,-122.355,3,1.5,1,1,6,4,20150430,1060,6954,1060,0,1983,0,310000 
2489200250,98126,47.5407,-122.379,3,2,1,1,7,3,20150430,1560,6300,1560,0,1924,0,528000 
2724069010,98027,47.5322,-122.033,2,1,1,1,5,3,20150430,960,8276,960,0,1939,0,305000 
9430000070,98031,47.4016,-122.209,3,2.5,2,1,7,3,20150430,1640,5707,1640,0,1995,0,300000 
2391601195,98116,47.5632,-122.399,4,4.25,2,1,9,3,20150430,3720,5750,2960,760,2006,0,1050000 
3023000410,98038,47.355,-122.057,5,2.75,2,1,8,3,20150430,2400,4900,2400,0,2011,0,405000 
3096000040,98107,47.6732,-122.4,5,1.75,1,1,7,5,20150430,2360,6150,1180,1180,1940,0,871000 
9211010440,98059,47.4956,-122.151,4,2.5,2,1,8,3,20150430,3250,6933,3250,0,2009,0,535000 
3226049045,98125,47.703,-122.321,3,1.5,1,1,7,3,20150430,1090,5003,1090,0,1962,0,350000 
8682280340,98053,47.7028,-122.013,2,1.75,1,1,8,3,20150430,1440,6265,1440,0,2005,0,490000 
8651402750,98042,47.3615,-122.087,3,1.5,1,1,6,5,20150430,1210,5200,1210,0,1969,0,219950 
8651410950,98042,47.3688,-122.08,2,1,1,1,6,3,20150430,1060,5200,1060,0,1969,0,216500 
8682260610,98053,47.7142,-122.033,2,2,1,1,8,3,20150430,1870,5143,1870,0,2005,0,572000 
6699940120,98038,47.3457,-122.041,4,2.5,2,1,8,3,20150430,2470,5074,2470,0,2004,0,356000 
3912000020,98103,47.6909,-122.339,3,2,1,1,7,4,20150430,2290,5001,1490,800,1960,0,745000 
2769600480,98107,47.6729,-122.363,2,2,1,1,6,3,20150430,1270,5000,1270,0,1944,0,600000 
2130700860,98019,47.7403,-121.984,3,2,1.5,1,6,5,20150430,1540,8885,1540,0,1939,0,375000 
6181400920,98001,47.3035,-122.283,3,2.5,2,1,7,3,20150430,1830,4997,1830,0,2004,0,286651 
5416500660,98038,47.3597,-122.04,4,2.5,2,1,9,3,20150430,2960,4640,2960,0,2005,0,426500 
1683400165,98144,47.5835,-122.313,7,4,2,1,9,3,20150430,2960,2665,1950,1010,1927,2013,853800 
9276200635,98116,47.58,-122.392,3,1.75,1,1,7,3,20150430,1840,4255,940,900,1907,2005,645000 
8805900080,98112,47.6428,-122.302,3,2,1,1,7,3,20150430,1840,2825,1040,800,1920,0,750000 
8946750140,98092,47.3198,-122.178,3,2.25,2,1,7,3,20150430,1552,3600,1552,0,2012,0,282000 
6096500105,98109,47.6313,-122.344,4,2.25,2,1,7,3,20150430,2640,3000,2080,560,1908,0,1545000 
7996700220,98133,47.7154,-122.341,2,2.25,2,1,8,3,20150430,1640,2240,1640,0,1980,0,375000 
8165501700,98106,47.5398,-122.369,2,2.25,2,1,8,3,20150430,1550,2285,1550,0,2007,0,325000 
3448001412,98125,47.7123,-122.301,2,1.5,3,1,7,3,20150430,988,1080,988,0,2007,0,295000 
3876900089,98119,47.6256,-122.362,3,1.75,3,1,10,3,20150430,1470,873,1470,0,2009,0,687015 
1921069068,98092,47.2953,-122.097,4,2.5,2,1,7,3,20150429,3030,180263,2030,1000,1987,0,400000 
7861000021,98042,47.3364,-122.128,3,1.75,1,1,6,3,20150429,1820,78408,1220,600,1950,0,309933 
2624079010,98024,47.5298,-121.887,5,3.5,2,1,8,3,20150429,2990,212137,2450,540,1994,0,750000 
326069164,98072,47.7625,-122.025,4,2.5,2,1,9,3,20150429,3450,43216,3450,0,2000,0,840000 
4054530090,98077,47.7231,-122.038,4,2.5,2,1,10,3,20150429,3290,35001,3290,0,1991,0,783350 
2366400150,98052,47.7012,-122.12,5,2.25,2,1,8,3,20150429,2290,39000,2290,0,1979,0,670000 
824069156,98075,47.5851,-122.072,4,2,2,1,8,3,20150429,2000,46902,2000,0,1978,0,570000 
8565000030,98077,47.7673,-122.1,4,2.5,2,1,9,3,20150429,3450,33460,3450,0,1997,0,805000 
2190601049,98003,47.2881,-122.294,3,1.5,1,1,7,4,20150429,1010,10000,1010,0,1973,0,212000 
1824069083,98027,47.5656,-122.093,3,1,1,1,8,5,20150429,3060,30166,3060,0,1959,0,835000 
522059130,98058,47.4262,-122.187,3,1,1,1,7,5,20150429,1150,18200,1150,0,1959,0,465000 
2288000090,98040,47.5498,-122.214,4,1.75,1,1,9,4,20150429,2260,17711,2260,0,1968,0,980000 
537000416,98003,47.3255,-122.305,3,2,2,1,7,4,20150429,1680,7900,1680,0,1953,0,250000 
2025069025,98074,47.6394,-122.077,4,3,1.5,1,9,3,20150429,3570,10273,2630,940,1935,2007,895000 
8019200925,98168,47.4935,-122.321,5,1.75,1.5,1,6,3,20150429,1850,14800,1760,90,1937,0,315000 
587550470,98023,47.3244,-122.379,3,2.75,2,1,10,4,20150429,3580,14217,2210,1370,1989,0,600000 
6388910280,98056,47.5318,-122.17,4,2.5,2,1,9,4,20150429,2850,25993,2850,0,1989,0,670000 
6744700900,98155,47.7429,-122.285,4,2.5,1,1,8,3,20150429,2570,13450,1510,1060,1948,0,795000 
1036400200,98052,47.6315,-122.101,4,1.75,1,1,8,5,20150429,1670,13125,1670,0,1973,0,697000 
1973700030,98034,47.7159,-122.251,3,2.5,2,1,10,3,20150429,3430,10177,3430,0,2014,0,2205000 
1153000040,98005,47.6147,-122.166,4,2.5,1,1,8,4,20150429,2240,9934,1490,750,1968,0,650000 
2475900170,98024,47.5671,-121.89,4,1,1,1,6,3,20150429,2300,9583,1220,1080,1928,0,303000 
644000040,98004,47.5877,-122.196,4,3.25,2,1,10,3,20150429,3950,10912,3950,0,2003,0,1780000 
3438500036,98106,47.5571,-122.357,5,3.75,1,1,8,3,20150429,2380,7268,1430,950,2008,0,545000 
3791500050,98024,47.5667,-121.905,3,1.5,1,1,6,3,20150429,1240,9975,1240,0,1977,0,405000 
8099600160,98033,47.697,-122.199,3,2,1,1,7,4,20150429,1710,10959,1030,680,1981,0,488500 
5710600620,98027,47.532,-122.05,3,2.75,1,1,8,3,20150429,1990,9600,1530,460,1978,0,575000 
9346950050,98006,47.5621,-122.135,3,2.5,1,1,8,4,20150429,2120,10021,1230,890,1976,0,625000 
1843100540,98042,47.3742,-122.125,3,2.25,2,1,8,3,20150429,2530,12042,2530,0,1989,0,380000 
732000160,98155,47.7634,-122.284,2,1,1,1,6,3,20150429,790,9784,790,0,1932,0,330000 
2155000480,98052,47.6587,-122.124,3,1.5,1,1,7,3,20150429,1350,9315,1350,0,1968,0,499950 
9350900550,98040,47.5787,-122.245,4,2.25,1,1,8,4,20150429,2870,8393,1480,1390,1977,0,890000 
1771000960,98077,47.7419,-122.073,3,1,1,1,7,3,20150429,1160,9375,1160,0,1967,0,380000 
7418700040,98155,47.7758,-122.301,3,1,1,1,7,3,20150429,960,9624,960,0,1953,0,234000 
7902200015,98146,47.5068,-122.386,3,1.75,1,1,8,3,20150429,1820,15570,1820,0,1948,0,700000 
2473000680,98058,47.4525,-122.149,3,1.75,1,1,8,4,20150429,1435,8960,1435,0,1969,0,390000 
5418500800,98115,47.7003,-122.285,3,2.25,1,1,8,3,20150429,2510,10418,1810,700,1968,0,825000 
5379800862,98188,47.4586,-122.283,5,3,1,1,7,3,20150429,2480,7200,1560,920,1999,0,360000 
9558800025,98148,47.4353,-122.335,3,1,1,1,7,3,20150429,940,9272,940,0,1954,0,225000 
537000255,98003,47.3263,-122.305,2,1.75,1,1,6,4,20150429,1170,8200,780,390,1937,0,302000 
1223039173,98146,47.4979,-122.363,4,1.75,1,1,8,4,20150429,2190,11625,2020,170,1956,0,450000 
844001485,98010,47.3073,-122.006,5,2.5,1,1,7,4,20150429,2200,8500,1400,800,1971,0,320900 
8648100130,98042,47.3627,-122.073,3,2.5,2,1,7,4,20150429,1970,6291,1970,0,1998,0,306500 
6071400710,98006,47.553,-122.174,3,1.75,1,1,8,5,20150429,1610,10229,1610,0,1961,0,648000 
6837820330,98023,47.3093,-122.345,4,2.5,2,1,8,3,20150429,2450,8932,2450,0,1990,0,300000 
9512501450,98052,47.6706,-122.151,3,1.75,1,1,7,3,20150429,1270,9170,1270,0,1969,0,555000 
6802210330,98022,47.1943,-121.991,3,2.5,1,1,7,3,20150429,1430,8470,1190,240,1992,0,270000 
8155500110,98008,47.6225,-122.107,5,1.75,1,1,8,4,20150429,2350,7800,1510,840,1968,0,754000 
1502400140,98003,47.3117,-122.321,3,1.75,1,1,7,3,20150429,1380,8400,1380,0,1967,0,275900 
629860010,98027,47.5524,-122.078,4,3.5,2,1,10,3,20150429,4640,9827,3210,1430,2007,0,1348000 
1245001820,98033,47.6888,-122.199,4,1.5,1,1,7,3,20150429,2290,10372,1510,780,1965,1987,776500 
3826000280,98168,47.4935,-122.306,3,1,1.5,1,6,3,20150429,1130,8100,1130,0,1934,0,272000 
5126900200,98058,47.4756,-122.174,2,1,1,1,6,4,20150429,800,8960,800,0,1944,0,162248 
3885805300,98033,47.6829,-122.195,3,1,1,1,6,3,20150429,1300,11520,1300,0,1958,0,595000 
3374500520,98031,47.4095,-122.168,0,0,2,1,8,3,20150429,2460,8049,2460,0,1990,0,355000 
7137900410,98092,47.3188,-122.174,3,1,1,1,7,3,20150429,950,7610,950,0,1983,0,190000 
8581200240,98023,47.2968,-122.372,3,1.75,1,1,7,3,20150429,1740,8800,1140,600,1978,0,255000 
1545807610,98038,47.3608,-122.056,3,2.5,1,1,7,3,20150429,1780,7848,1320,460,1978,0,270500 
5253300243,98133,47.7494,-122.337,4,2,2,1,7,4,20150429,1960,10559,1960,0,1955,0,415000 
9141100255,98133,47.739,-122.351,2,2.25,1,1,8,3,20150429,1950,29347,1350,600,1953,0,438000 
7399300780,98055,47.462,-122.188,3,2.25,1,1,7,4,20150429,1530,6600,1240,290,1968,0,337500 
1068000110,98199,47.6455,-122.409,3,2.25,2,1,9,3,20150429,2060,7080,1800,260,1940,0,978500 
1387300940,98011,47.7357,-122.195,3,1.5,1,1,7,3,20150429,1540,7200,1540,0,1968,0,441000 
8860300220,98052,47.6875,-122.122,5,2.5,1,1,8,3,20150429,2300,7000,1290,1010,1975,0,612000 
2310030390,98038,47.3531,-122.048,3,1.75,1,1,8,4,20150429,1180,6260,1180,0,1993,0,275000 
1138010530,98034,47.7148,-122.212,3,1,1,1,7,3,20150429,1340,7191,1340,0,1974,0,399000 
3299610240,98075,47.5641,-122.032,4,2.5,2,1,9,3,20150429,3240,7621,3240,0,2003,0,870000 
5279100625,98027,47.5325,-122.031,2,1,1,1,4,4,20150429,770,8600,770,0,1914,0,248000 
3334000055,98118,47.5569,-122.273,2,1.75,1,1,7,4,20150429,1280,7110,1000,280,1955,0,585000 
1205000215,98117,47.6836,-122.397,2,1.5,1,1,7,3,20150429,1090,6750,950,140,1942,0,455000 
8651610660,98074,47.6374,-122.064,4,2.5,2,1,9,3,20150429,2440,6733,2440,0,1999,0,769000 
2526059046,98052,47.704,-122.101,4,2.5,2,1,8,3,20150429,1980,6568,1980,0,2004,0,638500 
1858600042,98030,47.3627,-122.199,4,3,2,1,8,3,20150429,2483,6870,2483,0,2005,0,360000 
439000230,98115,47.6932,-122.3,4,2.25,1,1,7,3,20150429,2440,9889,1540,900,1952,0,805000 
5648600190,98055,47.4424,-122.188,3,2.5,2,1,7,3,20150429,1670,5791,1670,0,1995,0,310000 
4188300030,98011,47.7744,-122.225,5,3,2,1,9,3,20150429,3490,6091,3490,0,2009,0,715000 
3754501205,98034,47.7049,-122.224,3,2.5,2,1,11,3,20150429,2840,7500,2840,0,1997,0,1085000 
3214200070,98118,47.5377,-122.266,3,1,1,1,7,4,20150429,1210,7636,1210,0,1952,0,457500 
3448740360,98059,47.4907,-122.152,4,2.5,2,1,7,3,20150429,2190,4866,2190,0,2009,0,418500 
5592050080,98056,47.5042,-122.193,4,2.5,2,1,8,3,20150429,1950,4947,1950,0,2000,0,449999 
9164100035,98117,47.6821,-122.388,1,1,1,1,7,4,20150429,1660,5422,830,830,1908,0,655000 
3624039111,98106,47.5308,-122.361,3,1,1,1,6,2,20150429,980,5600,980,0,1949,0,215000 
8691510310,98058,47.4389,-122.116,3,2.5,2,1,7,3,20150429,2480,4950,2480,0,2004,0,374900 
3878900270,98178,47.5096,-122.25,4,2,1,1,8,4,20150429,2240,4508,1340,900,1926,0,466000 
7131300063,98118,47.5166,-122.266,4,1.75,1,1,7,3,20150429,2140,4959,1080,1060,1965,0,350000 
1193000115,98199,47.6496,-122.392,2,1,1,1,7,3,20150429,1120,5250,950,170,1938,0,708000 
8682231170,98053,47.7107,-122.031,2,2,1,1,8,3,20150429,1920,6045,1920,0,2003,0,554000 
9266700845,98103,47.6932,-122.346,2,1,1,1,6,3,20150429,830,5100,830,0,1941,0,325000 
6181500100,98001,47.3054,-122.276,3,2.5,2,1,8,3,20150429,2594,4455,2594,0,2012,0,351000 
1773100765,98106,47.5558,-122.363,1,1,1,1,6,3,20150429,600,3720,600,0,1920,0,229000 
2767602855,98107,47.6726,-122.39,5,3.5,3,1,9,3,20150429,2160,2323,2160,0,2007,0,750000 
9478550430,98042,47.3686,-122.117,4,2.5,2,1,7,3,20150429,1740,4642,1740,0,2012,0,316475 
255470030,98028,47.7748,-122.244,4,2.75,2,1,8,3,20150429,2630,4501,2630,0,2015,0,619990 
2877102495,98117,47.6791,-122.362,3,1.5,1,1,6,3,20150429,860,3200,860,0,1929,0,445000 
9510970010,98052,47.6658,-122.084,3,2.5,2,1,9,3,20150429,1770,3205,1770,0,2005,0,593567 
546000020,98117,47.6901,-122.382,2,1,1,1,7,3,20150429,1440,4046,960,480,1946,0,487000 
603001045,98118,47.5232,-122.284,3,1,1,1,7,3,20150429,950,4000,780,170,1949,0,256000 
9276200890,98116,47.5803,-122.393,2,1.75,1.5,1,6,3,20150429,1760,2275,1040,720,1912,0,450000 
1890000275,98105,47.6618,-122.325,3,1.5,2,1,8,4,20150429,1940,3570,1740,200,1916,0,815000 
869700350,98059,47.4911,-122.154,2,2.5,2,1,8,3,20150429,1310,2915,1310,0,1999,0,330000 
8722100825,98112,47.638,-122.306,3,2.25,2,1,7,4,20150429,2610,3357,1980,630,1926,0,1049000 
2883200160,98115,47.6831,-122.329,4,2,2,1,7,3,20150429,2020,2849,2020,0,1960,0,595000 
3395040550,98108,47.5434,-122.293,3,2.5,2,1,7,3,20150429,1530,2890,1530,0,2001,0,320000 
7137300245,98144,47.5922,-122.297,3,1.75,1.5,1,7,3,20150429,1340,2805,1340,0,1919,0,475000 
7987400285,98126,47.573,-122.372,3,2.5,2,1,7,3,20150429,2040,2500,1470,570,2008,0,494900 
7203102140,98053,47.6972,-122.025,2,1,2,1,7,3,20150429,1290,2482,1290,0,2008,0,300000 
9828200187,98122,47.6175,-122.301,2,1,1,1,7,3,20150429,750,2020,750,0,1908,1995,370000 
3582750170,98028,47.7528,-122.252,2,2.25,2,1,8,4,20150429,1660,2128,1660,0,1974,0,410000 
6300000335,98133,47.7053,-122.34,5,3,1.5,1,8,4,20150429,3230,5167,2000,1230,1909,0,729953 
6821102367,98199,47.648,-122.396,3,2.5,2.5,1,9,3,20150429,1570,1452,1240,330,2007,0,547000 
8024200677,98115,47.6987,-122.317,3,1.5,3,1,8,3,20150429,1270,1483,1270,0,2007,0,415000 
2719100013,98136,47.5439,-122.386,2,1.5,2,1,7,3,20150429,1480,1349,1240,240,2007,0,418000 
1931300688,98103,47.6569,-122.346,3,3,3,1,8,3,20150429,1280,1085,1280,0,2004,0,533000 
6824100014,98117,47.6998,-122.367,3,3,3,1,8,3,20150429,1460,1180,1460,0,2006,0,437000 
1125069086,98053,47.664,-121.993,3,2.5,2,1,9,3,20150428,3070,223463,3070,0,2003,0,753000 
221029019,98070,47.3338,-122.511,3,2.5,2,2,7,3,20150428,2090,32718,1550,540,1919,1983,400000 
98300230,98024,47.5885,-121.939,4,4,2,1,10,3,20150428,4620,130208,4620,0,2014,0,1459000 
9238430190,98072,47.7713,-122.122,4,2,1.5,1,8,4,20150428,2310,31850,2310,0,1984,0,640000 
1774200190,98077,47.7649,-122.098,3,2.75,1,1,8,4,20150428,2660,32757,2660,0,1975,0,580000 
6072800170,98006,47.5708,-122.192,4,4,1,1,10,4,20150428,3330,24354,3330,0,1961,0,2500000 
853200040,98004,47.623,-122.218,5,2.5,1.5,1,9,3,20150428,4600,23250,3600,1000,1918,2003,2408000 
6448000010,98004,47.6214,-122.227,4,2.25,2,1,9,4,20150428,2940,20384,2940,0,1970,0,1388000 
8085400055,98004,47.639,-122.21,4,2.5,1,1,10,3,20150428,3980,16304,2480,1500,1968,0,1582500 
221049191,98001,47.341,-122.265,3,2.5,1,1,7,5,20150428,2120,22482,1360,760,1979,0,329500 
6624030050,98031,47.4166,-122.183,3,2.5,2,1,8,3,20150428,2160,15817,2160,0,1999,0,354000 
540100057,98004,47.639,-122.219,4,3.75,2,1,9,4,20150428,3250,10949,2940,310,1930,1989,1208000 
2425700005,98004,47.5974,-122.195,3,1.75,1,1,7,4,20150428,1410,15120,1410,0,1950,0,760000 
5706201470,98027,47.5247,-122.052,3,2.25,1,1,7,4,20150428,1960,12350,1960,0,1961,0,525000 
8920100041,98075,47.5907,-122.086,4,1.75,1,1,9,5,20150428,2970,14880,1560,1410,1962,0,815000 
3447000090,98006,47.5716,-122.128,3,2.25,1,1,8,4,20150428,2800,17300,1420,1380,1971,0,653000 
1775800860,98072,47.7408,-122.101,3,2.25,1,1,7,4,20150428,1850,12000,1300,550,1977,0,469500 
8832900360,98028,47.7619,-122.268,3,1.75,1,1,8,3,20150428,2250,11520,2250,0,1956,0,735000 
1022049182,98198,47.4095,-122.29,1,1,1,1,5,4,20150428,620,8685,620,0,1976,0,175000 
9122500080,98031,47.3896,-122.218,5,2,1,1,7,4,20150428,2260,11970,1250,1010,1962,0,275000 
6117501820,98166,47.4413,-122.349,2,1,1,1,6,4,20150428,790,11234,790,0,1942,0,435000 
2155500030,98059,47.4764,-122.155,4,1.75,1,1,8,4,20150428,1720,9600,1720,0,1969,0,380000 
1938000140,98005,47.5876,-122.172,4,2,1,1,8,5,20150428,2920,10424,1520,1400,1964,0,810000 
7752400075,98008,47.6319,-122.124,3,2.25,1,1,7,3,20150428,1960,10682,1960,0,1957,0,450000 
7211340030,98014,47.6453,-121.912,3,1,1,1,6,3,20150428,1010,10168,1010,0,1979,0,300000 
2024059058,98006,47.554,-122.189,4,2.75,2,1,9,3,20150428,2890,7821,2890,0,2014,0,978000 
2550820060,98042,47.3605,-122.12,3,1.75,1,1,7,4,20150428,1630,10001,1100,530,1977,0,280000 
1823059106,98178,47.4861,-122.226,3,1.75,1,1,7,3,20150428,2110,15400,1380,730,1963,0,288250 
4027700853,98028,47.7705,-122.269,6,2,1,1,6,3,20150428,2400,7684,1200,1200,1932,2005,387500 
9545240070,98027,47.5343,-122.054,4,2.25,1,1,8,3,20150428,2010,9603,1440,570,1986,0,660500 
259700180,98008,47.6366,-122.118,4,1,1,1,7,3,20150428,1650,8250,1650,0,1966,0,517000 
4399200100,98002,47.3191,-122.213,3,2.25,1,1,7,4,20150428,1560,9706,1560,0,1963,0,288000 
7697800170,98011,47.7762,-122.198,3,1.75,2,1,8,3,20150428,1800,9314,1800,0,1979,0,270000 
8092500150,98042,47.3683,-122.109,4,2.75,1,1,7,2,20150428,1300,9638,1300,0,1983,0,273500 
1898700050,98023,47.3201,-122.398,3,1,1,1,7,3,20150428,1400,9690,1400,0,1969,0,128000 
9238450160,98072,47.7677,-122.163,3,1,1,1,7,3,20150428,1280,9630,1280,0,1968,0,389000 
9537200037,98198,47.362,-122.316,4,1.5,1.5,1,7,4,20150428,1310,137214,1310,0,1926,0,320000 
9536601045,98198,47.3612,-122.315,3,1,1,1,7,4,20150428,1540,9450,1540,0,1960,0,227500 
4027700930,98028,47.7751,-122.268,5,1.75,1,1,7,3,20150428,2100,7347,1070,1030,1981,0,330000 
1102000237,98118,47.5459,-122.265,4,2.75,1,1,8,3,20150428,2420,11201,1420,1000,1948,1999,712500 
2473101140,98058,47.4473,-122.159,3,1,1,1,7,4,20150428,1590,8470,1140,450,1967,0,314950 
7212651440,98003,47.2674,-122.306,3,2.5,2,1,8,3,20150428,1970,8426,1970,0,1992,0,280000 
8732020440,98023,47.3131,-122.392,4,2.5,1,1,8,4,20150428,2190,8100,1250,940,1978,0,297500 
1508210230,98052,47.6773,-122.11,3,2.25,1,1,8,4,20150428,1800,6875,1230,570,1974,0,567000 
7147400045,98188,47.445,-122.285,3,1.75,2,1,7,3,20150428,1870,8250,1870,0,1956,1979,355000 
2591820070,98058,47.4378,-122.16,3,2.5,2,1,8,4,20150428,2390,8102,2390,0,1986,0,380000 
3380900160,98177,47.7677,-122.359,4,1.5,1,1,7,3,20150428,1700,8400,1700,0,1953,0,502000 
11500240,98052,47.6944,-122.102,3,2.5,2,1,10,3,20150428,2870,13695,2870,0,1991,0,872750 
1073100030,98133,47.7715,-122.336,3,1,1,1,7,3,20150428,1120,8443,1120,0,1953,0,365000 
1562000050,98007,47.6208,-122.139,5,2.75,1,1,8,4,20150428,2580,7865,1480,1100,1964,0,650000 
9512500720,98052,47.6713,-122.152,5,2.5,1,1,7,3,20150428,2030,8400,1330,700,1968,0,500000 
7635800180,98166,47.4696,-122.359,2,1,1,1,6,4,20150428,850,8400,850,0,1941,0,320000 
6632300161,98125,47.7304,-122.308,3,1,1,1,7,3,20150428,1160,7854,1160,0,1960,0,422000 
8732131090,98023,47.3078,-122.378,4,2.5,1,1,8,4,20150428,2160,7725,1460,700,1978,0,295000 
1226039124,98177,47.7628,-122.359,2,2,2,1,8,3,20150428,1540,9714,1540,0,2008,0,529000 
6073300530,98056,47.5398,-122.173,4,2.75,1,1,8,5,20150428,1860,7500,1220,640,1967,0,529950 
3303000130,98177,47.7724,-122.362,3,2.25,1,1,8,3,20150428,1770,7667,1270,500,1966,0,520000 
3705900292,98133,47.7583,-122.339,3,2,1,1,8,3,20150428,1750,9239,1410,340,1989,0,420000 
1566100450,98115,47.6978,-122.297,3,2,1,1,7,5,20150428,1110,8375,1110,0,1951,0,505000 
9476200680,98056,47.4917,-122.188,3,1.75,1,1,6,4,20150428,1490,6269,990,500,1944,0,226000 
3574800010,98034,47.733,-122.22,4,2.75,1,1,7,3,20150428,1830,8384,1320,510,1979,0,485000 
4402700593,98133,47.7431,-122.336,2,1,1,1,7,4,20150428,1440,7808,860,580,1949,0,395000 
9264901490,98023,47.3112,-122.339,4,2.25,2,1,8,3,20150428,3220,7889,3220,0,1978,0,335000 
3448002267,98125,47.7134,-122.292,3,1.75,1,1,7,4,20150428,1340,3850,1340,0,1960,0,385000 
2968800645,98166,47.4583,-122.353,3,1,1,1,6,4,20150428,960,7200,960,0,1958,0,215000 
7283900045,98133,47.7655,-122.35,3,2.5,2,1,8,3,20150428,2160,6288,2160,0,1996,0,549950 
1665400045,98166,47.472,-122.344,3,1,1,1,7,2,20150428,1000,7636,1000,0,1952,0,186375 
3797710010,98031,47.4192,-122.201,4,2.25,2,1,7,3,20150428,1770,7778,1770,0,1998,0,350000 
4345000510,98030,47.3643,-122.185,3,2.5,2,1,7,3,20150428,1800,8518,1800,0,1996,0,325000 
6431500122,98103,47.6931,-122.352,3,1.5,1.5,1,7,5,20150428,1580,8841,1180,400,1923,0,520000 
5702380770,98022,47.194,-121.981,4,2.25,2,1,7,3,20150428,1600,7916,1600,0,1991,0,280000 
8651720420,98034,47.7283,-122.218,4,2.5,1,1,7,3,20150428,1930,8040,1380,550,1978,0,513000 
967000400,98011,47.7614,-122.203,5,1.5,1.5,1,7,3,20150428,1700,7200,1700,0,1937,0,548000 
123039420,98146,47.5063,-122.369,3,1,1,1,7,4,20150428,1300,7200,1300,0,1952,0,309000 
4058800925,98178,47.5037,-122.24,4,2.5,1,1,8,3,20150428,3160,6540,1580,1580,1959,0,452100 
3293700105,98133,47.7466,-122.347,3,2,1,1,7,3,20150428,1600,10318,930,670,1941,0,385000 
9211500620,98023,47.2979,-122.379,3,2.25,1,1,7,3,20150428,1740,6650,1240,500,1978,0,305000 
2781250110,98038,47.3505,-122.027,4,2.5,2,1,7,3,20150428,2640,7388,2640,0,2003,0,360000 
5101405604,98125,47.7019,-122.311,1,1,1,1,6,3,20150428,900,6380,900,0,1947,0,395000 
1115300270,98059,47.5211,-122.157,6,3.75,2,1,9,3,20150428,4210,6105,3280,930,2008,0,900000 
3626039250,98103,47.698,-122.357,2,1,1,1,5,4,20150428,940,6350,940,0,1942,0,283000 
4427100105,98125,47.7272,-122.311,4,1,1.5,1,7,5,20150428,1430,6240,1430,0,1953,0,398000 
1426300842,98108,47.5684,-122.3,3,2.25,1,1,7,4,20150428,1820,6000,1120,700,1964,0,455850 
139000185,98116,47.5865,-122.397,3,2.5,2,1,7,3,20150428,2100,4440,2100,0,1945,0,800000 
4202400078,98055,47.4908,-122.223,2,1,1,1,7,3,20150428,1410,7000,1410,0,1968,0,335000 
9465200181,98103,47.6944,-122.355,4,1.5,1.5,1,7,4,20150428,2320,5534,1540,780,1915,0,475000 
7579200600,98116,47.5579,-122.384,3,2,1,1,7,5,20150428,1750,5750,870,880,1956,0,575000 
8106300090,98055,47.4461,-122.209,3,2.5,1,1,9,3,20150428,2810,4984,1750,1060,2006,0,479950 
8651400730,98042,47.3607,-122.085,3,1,1,1,6,5,20150428,840,5525,840,0,1969,0,191000 
418000145,98056,47.4934,-122.173,2,1,1,1,5,4,20150428,740,5200,740,0,1952,0,213800 
9215400105,98115,47.6796,-122.301,3,1.75,1,1,7,4,20150428,1250,5963,1250,0,1953,0,450000 
7550801207,98107,47.6727,-122.396,2,2,1,1,7,4,20150428,1360,1860,680,680,1925,0,536500 
925049360,98105,47.6694,-122.298,2,2,1,1,6,4,20150428,1270,3881,610,660,1926,0,512000 
4232902615,98119,47.6345,-122.366,3,1,2,1,7,3,20150428,1300,3600,1300,0,1900,0,819000 
5680001095,98144,47.5738,-122.315,5,1.75,1,1,7,4,20150428,2740,9600,1370,1370,1945,0,470000 
1930301015,98103,47.6551,-122.353,3,3.25,2,1,7,3,20150428,2200,4800,1910,290,1943,1996,818000 
1782500065,98126,47.5266,-122.379,4,1.75,1,1,7,4,20150428,1320,4978,940,380,1942,0,420000 
2313900610,98116,47.5725,-122.383,3,2.25,2,1,7,3,20150428,1420,3750,1420,0,1987,0,410000 
3448740250,98059,47.491,-122.153,4,2.5,2,1,7,3,20150428,2730,4526,2730,0,2009,0,440000 
3629980440,98029,47.5524,-121.991,4,2.5,2,1,9,3,20150428,2620,4400,2620,0,2004,0,742500 
3845101070,98092,47.2596,-122.194,4,2.5,2,1,9,3,20150428,2568,5000,2568,0,2014,0,425996 
1105000360,98118,47.5432,-122.272,3,1.75,1,1,7,3,20150428,1960,11931,980,980,1954,0,320000 
9525600030,98107,47.6704,-122.358,2,2.5,3,1,8,3,20150428,1780,2493,1780,0,1981,0,631500 
7504200250,98074,47.631,-122.061,3,2.25,1.5,1,8,3,20150428,2330,3600,2330,0,1971,0,490000 
5244801255,98109,47.6435,-122.353,3,2.75,2,1,8,4,20150428,2260,4000,1540,720,1956,0,705000 
7010700660,98199,47.659,-122.398,3,2.5,2,1,9,4,20150428,1940,4000,1940,0,2000,0,807000 
1041440050,98092,47.3259,-122.167,5,2.75,2,1,8,3,20150428,2844,3990,2844,0,2013,0,359950 
3820350020,98019,47.735,-121.985,4,2.5,2,1,7,3,20150428,1820,3899,1820,0,1999,0,359950 
1232001985,98117,47.684,-122.381,2,1.5,1,1,7,3,20150428,1450,3840,950,500,1947,0,557000 
1760650820,98042,47.3589,-122.083,3,2.25,2,1,7,3,20150428,1610,3764,1610,0,2012,0,290000 
9358001732,98126,47.566,-122.366,3,2.5,2,1,8,3,20150428,1390,2815,1390,0,1999,0,400000 
3232200085,98119,47.6356,-122.373,6,3.5,2,1,10,3,20150428,3670,3959,2410,1260,2008,0,1500000 
2397101375,98119,47.6366,-122.365,2,1,1,1,6,3,20150428,980,3600,980,0,1907,0,595000 
567000020,98144,47.5955,-122.294,2,1,1.5,1,8,4,20150428,1570,5000,1570,0,1924,0,800000 
7133300675,98144,47.5897,-122.314,3,1,1,1,6,3,20150428,1140,4500,840,300,1907,0,450000 
2597490750,98029,47.5431,-122.011,4,2.5,2,1,8,3,20150428,2050,2772,2050,0,2013,0,689500 
9126101511,98122,47.6104,-122.303,4,3,2.5,1,8,3,20150428,3250,2760,2420,830,1905,2007,863500 
1400300055,98144,47.5964,-122.299,2,1,1,1,5,3,20150428,770,5040,770,0,1930,0,425000 
8562790580,98027,47.5313,-122.076,4,3.25,2,1,10,3,20150428,3080,4287,2230,850,2012,0,830000 
597000566,98144,47.5763,-122.309,3,2,1,1,6,3,20150428,1340,1951,670,670,1915,0,335000 
9528100899,98115,47.6831,-122.325,3,2.5,2.5,1,9,3,20150428,1850,1330,1560,290,2004,0,827000 
1125069102,98053,47.6616,-121.999,4,3,1.5,1,9,3,20150427,3310,217800,3310,0,1989,0,1250000 
1549500585,98019,47.7586,-121.911,3,2,1,1,7,3,20150427,2220,209523,2220,0,1991,0,585000 
2621069066,98022,47.2737,-122.015,3,2,2,1,9,3,20150427,3190,207346,3190,0,1994,0,585000 
3324079092,98027,47.5157,-121.924,2,2.5,1,1,8,3,20150427,1320,48787,1320,0,2004,0,361000 
1330910280,98053,47.655,-122.029,4,2.5,2,1,10,4,20150427,3720,105850,3720,0,1984,0,864000 
321059132,98092,47.3343,-122.16,3,1.75,1,1,8,4,20150427,1450,61419,1450,0,1976,0,365000 
4054530240,98077,47.7279,-122.048,4,3.5,1.5,1,11,3,20150427,4380,66613,4380,0,1993,0,1400000 
2481630030,98072,47.7325,-122.132,4,2.5,2,1,10,4,20150427,3920,41206,3920,0,1988,0,965000 
2224069109,98029,47.5514,-122.023,4,3.25,2,1,9,3,20150427,2930,25020,2930,0,2013,0,1050000 
1402000210,98058,47.4422,-122.151,3,2.25,1,1,8,4,20150427,2420,31497,1750,670,1964,0,390000 
3528000310,98053,47.6662,-122.056,5,2.5,2,1,10,3,20150427,4310,28008,4310,0,1988,0,1130000 
8161000230,98014,47.6454,-121.902,4,2.5,2,1,8,4,20150427,2300,22445,2300,0,1992,0,498000 
3760500602,98034,47.7031,-122.224,3,2.5,2,1,9,3,20150427,2680,17707,2680,0,1983,0,608095 
3438501100,98106,47.5467,-122.359,3,1,1.5,1,8,3,20150427,1240,4000,1240,0,1928,2000,400000 
7701960210,98077,47.7125,-122.081,4,2.5,2,1,11,3,20150427,3030,16000,3030,0,1990,0,875000 
98000980,98075,47.5859,-121.968,4,3.5,2,1,11,3,20150427,4570,16219,4570,0,2002,0,1098000 
2422000067,98001,47.2899,-122.287,3,2.25,1,1,7,3,20150427,1830,11331,1250,580,1965,0,230000 
624110860,98077,47.7255,-122.059,4,3.5,2,1,11,3,20150427,3760,20609,3760,0,1990,0,1150000 
4094800380,98040,47.5479,-122.233,3,2.25,2,1,9,4,20150427,2630,12899,2630,0,1966,0,990000 
4140900270,98028,47.7637,-122.266,2,1,1,1,8,3,20150427,1140,23030,1140,0,1980,0,160000 
3303980210,98059,47.5189,-122.147,4,3.75,2,1,11,3,20150427,4040,14212,4040,0,2002,0,1115000 
7504400710,98074,47.6262,-122.049,4,1.75,1,1,8,3,20150427,2380,15324,1610,770,1978,0,420000 
7805460760,98006,47.5633,-122.111,3,2.5,2,1,9,4,20150427,2880,11443,2880,0,1986,0,885000 
3396800120,98052,47.717,-122.101,3,2.5,1,1,8,3,20150427,2180,11100,1230,950,1983,0,540000 
1081300370,98059,47.4702,-122.12,4,2,1,1,8,4,20150427,1850,11700,1850,0,1969,0,385000 
2540820010,98034,47.7199,-122.246,4,2.5,2,1,8,3,20150427,2930,8641,2930,0,2010,0,750000 
8941800100,98106,47.5545,-122.354,3,3.25,2,1,9,3,20150427,3870,11000,2970,900,1991,0,645000 
3755100520,98034,47.72,-122.229,3,1.75,1,1,7,3,20150427,1490,10757,1060,430,1966,0,465000 
1025039320,98199,47.6672,-122.409,4,3.5,2,1,11,3,20150427,3440,5000,2560,880,2006,0,1305000 
3935900093,98125,47.7108,-122.279,5,1.75,1,1,8,3,20150427,2250,13526,1350,900,1957,0,688000 
8000200090,98003,47.2583,-122.3,3,2.5,2,1,7,3,20150427,1610,10022,1610,0,1996,0,280000 
322059326,98058,47.4252,-122.159,3,2,1,1,7,3,20150427,1940,40588,1940,0,2000,0,362500 
3810000843,98178,47.4961,-122.235,5,1.75,2,1,7,4,20150427,2840,12870,2840,0,1925,0,345000 
3348401095,98178,47.4958,-122.265,4,1.75,1,1,7,3,20150427,2090,6485,1280,810,1956,0,210000 
6187100360,98042,47.39,-122.158,3,2.25,2,1,7,3,20150427,1700,9600,1700,0,1984,0,294000 
4128500380,98006,47.5588,-122.124,4,2.5,2,1,11,3,20150427,4280,12796,3400,880,1999,0,1200000 
4376700570,98052,47.6368,-122.097,6,1.75,2,1,8,4,20150427,2750,9563,2750,0,1973,0,750000 
3904920730,98029,47.5677,-122.013,4,2.5,2,1,9,3,20150427,2960,10760,2960,0,1987,0,695000 
6139100076,98155,47.7607,-122.329,4,2,1,1,7,3,20150427,1820,9450,1100,720,1962,0,330000 
4358700141,98133,47.708,-122.337,4,1.75,1,1,7,4,20150427,1840,9250,980,860,1956,0,480000 
9456200450,98198,47.3776,-122.314,4,2.5,1.5,1,7,3,20150427,1900,21780,1900,0,1940,1987,212000 
2346800005,98136,47.5175,-122.393,3,1.5,2,1,7,3,20150427,1710,8364,1710,0,1944,0,543000 
8044700010,98052,47.6632,-122.153,3,1.75,1,1,8,3,20150427,1940,7306,1470,470,1982,0,630000 
2644900109,98133,47.7766,-122.355,5,1.75,1,1,7,3,20150427,2190,7500,1290,900,1979,0,439950 
2475900840,98024,47.5655,-121.89,2,1,1,1,6,3,20150427,750,7000,750,0,1932,0,258000 
5727500006,98133,47.7521,-122.334,4,2.75,2,1,8,3,20150427,3320,8653,3320,0,2014,0,679990 
2473101190,98058,47.4483,-122.158,3,1.75,1,1,7,4,20150427,1530,8800,1040,490,1967,0,279950 
3876100940,98034,47.7228,-122.183,4,1.75,1,1,8,3,20150427,3050,9440,1800,1250,1966,0,600000 
5076700145,98005,47.5851,-122.172,3,1,1,1,7,3,20150427,1140,8180,1140,0,1959,0,550000 
2641800060,98146,47.5006,-122.336,3,1,1,1,6,3,20150427,940,8571,940,0,1950,0,239000 
6163900301,98155,47.7629,-122.318,4,1,1,1,7,3,20150427,1480,8321,1080,400,1953,0,425000 
2122059160,98030,47.3764,-122.176,5,1.75,1,1,8,3,20150427,2190,16788,1380,810,1978,0,248000 
6131600075,98002,47.3221,-122.216,3,1,1,1,6,4,20150427,1300,8316,1300,0,1954,0,225000 
2505500009,98033,47.6689,-122.195,4,2,2,1,7,3,20150427,2040,8281,2040,0,1961,0,565000 
9158100090,98177,47.7219,-122.358,3,1.75,1,1,7,3,20150427,2540,8280,1270,1270,1949,0,550500 
5381000048,98188,47.4523,-122.286,2,1,1,1,6,3,20150427,790,8250,790,0,1947,0,110000 
9324800650,98125,47.7303,-122.287,3,2.25,1.5,1,8,4,20150427,2190,8775,2190,0,1927,0,587450 
7787920160,98019,47.7265,-121.957,5,2.5,2,1,8,3,20150427,2570,7412,2570,0,2006,0,472000 
686300880,98008,47.6275,-122.12,3,2,1.5,1,8,3,20150427,2570,10078,2570,0,1965,0,670000 
9543000945,98001,47.2734,-122.248,3,2.25,2,1,7,3,20150427,1830,4744,1830,0,1997,0,182500 
7980900011,98034,47.7114,-122.23,3,2,1,1,8,3,20150427,1910,13505,1910,0,1955,0,412450 
5006000035,98166,47.4692,-122.355,4,1,1.5,1,6,3,20150427,1670,8102,1670,0,1944,0,332500 
1826049408,98133,47.7471,-122.337,3,1.5,1,1,7,4,20150427,1600,8040,1050,550,1965,0,383900 
5466750140,98042,47.3598,-122.157,3,2.25,1,1,7,4,20150427,1420,7800,1130,290,1985,0,270000 
2131701410,98019,47.7372,-121.981,3,2.25,2,1,7,3,20150427,1370,5000,1370,0,1990,0,299950 
7212650850,98003,47.2635,-122.312,3,2.5,2,1,8,3,20150427,1710,6773,1710,0,1993,0,304000 
1150900080,98029,47.5596,-122.016,4,2.5,2,1,9,3,20150427,3710,7491,3710,0,2003,0,846450 
8682320420,98053,47.7109,-122.017,2,2.5,1,1,8,3,20150427,2170,6361,2170,0,2009,0,755000 
3582200200,98028,47.75,-122.245,3,1,1,1,7,4,20150427,2400,17239,1890,510,1940,0,455000 
3179100220,98105,47.67,-122.274,4,1.75,1,1,8,3,20150427,2110,6708,1410,700,1941,0,1031000 
1565950030,98055,47.4309,-122.191,4,2.5,2,1,8,3,20150427,1930,6957,1930,0,1995,0,364950 
2819100140,98117,47.6962,-122.397,3,1.5,1,1,7,4,20150427,1460,6480,980,480,1940,0,675000 
7203100850,98053,47.6944,-122.022,4,3.25,2,1,9,3,20150427,3500,5960,3500,0,2010,0,840000 
5100403882,98115,47.6961,-122.316,4,2.5,2,1,9,3,20150427,3100,7250,3100,0,2010,0,967000 
2324039077,98126,47.5478,-122.377,2,1,1,1,7,3,20150427,930,5650,930,0,1941,0,306000 
5259800090,98023,47.3239,-122.35,3,2.25,1,1,7,3,20150427,1430,9150,1070,360,1984,0,210000 
3955900830,98056,47.4802,-122.188,3,2.5,2,1,7,3,20150427,3460,6590,3460,0,2001,0,467000 
7454000585,98126,47.5155,-122.374,2,1,1,1,6,3,20150427,710,6300,710,0,1942,0,289000 
2891000680,98002,47.3249,-122.207,3,1.75,1,1,7,4,20150427,1070,6110,1070,0,1968,0,195000 
6844702690,98115,47.6929,-122.287,3,1,1,1,7,4,20150427,1200,6120,950,250,1945,0,476500 
7977200720,98115,47.6858,-122.295,3,1.75,1.5,1,7,3,20150427,1480,6120,1480,0,1946,0,500000 
3904100106,98118,47.5327,-122.276,3,1,1,1,7,3,20150427,2320,6750,1160,1160,1960,0,335000 
3303860630,98038,47.3689,-122.057,4,3,2,1,9,3,20150427,2810,6000,2810,0,2007,0,454450 
8682261070,98053,47.7136,-122.03,2,2,1,1,8,3,20150427,1680,6194,1680,0,2004,0,575000 
2738630040,98072,47.773,-122.16,4,2.5,2,1,9,3,20150427,3020,6068,3020,0,2006,0,613500 
2612000200,98168,47.4808,-122.28,3,2.5,2,1,8,3,20150427,2050,8172,2050,0,2002,0,394950 
3491300180,98117,47.686,-122.374,3,1.75,1.5,1,7,4,20150427,1480,6985,1200,280,1926,0,635000 
9275700005,98116,47.5878,-122.381,3,2.25,2,1,8,4,20150427,2880,6092,1920,960,1983,0,1052000 
6450300840,98133,47.7326,-122.342,4,3.75,2,1,7,3,20150427,2560,5250,1900,660,1963,2006,499000 
6127010890,98075,47.5927,-122.006,4,2.5,2,1,7,3,20150427,3570,6246,3570,0,2005,0,663000 
1049010300,98034,47.7359,-122.18,4,2,1,1,7,3,20150427,1650,4745,1130,520,1972,0,435000 
5104510190,98038,47.3573,-122.016,4,2.5,2,1,7,3,20150427,1830,4694,1830,0,2003,0,349000 
7299601870,98092,47.2615,-122.198,3,2.5,2,1,8,3,20150427,1572,4000,1572,0,2013,0,299000 
7920100025,98115,47.6787,-122.301,2,1,1,1,7,4,20150427,740,5100,740,0,1947,0,450000 
7227501190,98056,47.496,-122.189,3,1,1,1,6,5,20150427,1220,5038,1220,0,1942,0,250000 
8127700210,98199,47.6419,-122.394,2,1.75,1,1,7,5,20150427,1560,3200,880,680,1946,0,600000 
3131200640,98105,47.6593,-122.327,4,2,2,1,8,3,20150427,1830,4590,1830,0,1908,0,700000 
7871500485,98119,47.6411,-122.371,3,1.5,2,1,8,4,20150427,1670,3852,1670,0,1928,0,1236000 
5700000340,98144,47.5779,-122.294,3,2,1.5,1,7,4,20150427,2130,4299,1680,450,1922,0,700000 
7203600750,98198,47.3459,-122.326,3,2.5,1,1,7,4,20150427,1930,4505,1440,490,1973,0,421000 
5248800250,98108,47.5533,-122.307,4,2,2,1,7,3,20150427,1620,4600,1620,0,1909,0,375000 
3948900050,98136,47.5424,-122.391,3,3.25,2,1,7,5,20150427,2130,2306,1420,710,1924,0,616000 
3298701025,98106,47.5188,-122.353,2,1,1,1,6,4,20150427,750,5217,750,0,1943,0,135000 
9547202265,98115,47.6782,-122.311,3,3.25,2,1,8,5,20150427,2460,4182,2100,360,1910,0,990000 
546001060,98117,47.6885,-122.381,4,1.75,2,1,8,5,20150427,1850,4388,1850,0,1941,0,763000 
3735900325,98115,47.6899,-122.32,2,1,1,1,8,3,20150427,1080,4080,1080,0,1948,0,485000 
8129700985,98103,47.6581,-122.354,3,1.75,1.5,1,7,4,20150427,1350,4000,1350,0,1925,0,700000 
6762700340,98102,47.6288,-122.321,3,3,2,1,7,3,20150427,2400,4000,1860,540,1905,0,852000 
4083800345,98103,47.6649,-122.337,4,2.25,1.5,1,7,3,20150427,1890,4300,1350,540,1918,0,620000 
2919700735,98117,47.6886,-122.364,4,3.5,2,1,8,3,20150427,2780,3100,2120,660,2014,0,870000 
7197800020,98075,47.5973,-122.034,4,2.5,2,1,8,3,20150427,2250,4119,2250,0,2001,0,585000 
2781280290,98055,47.4491,-122.188,3,2.5,2,1,8,3,20150427,1610,3516,1610,0,2006,0,305000 
1972202320,98103,47.6506,-122.346,3,1,1.5,1,6,3,20150427,1220,3000,1220,0,1901,0,380000 
7853340450,98065,47.5164,-121.878,3,2.75,2,1,8,3,20150427,1770,3172,1770,0,2009,0,415000 
3259400024,98136,47.5552,-122.381,3,2,2,1,7,3,20150427,1150,700,800,350,2000,0,340000 
6413600192,98125,47.7178,-122.318,2,1.5,2,1,7,3,20150427,940,1222,860,80,2004,0,325000 
3644100065,98144,47.592,-122.295,2,1.75,1,1,6,4,20150427,1220,2268,610,610,1909,0,257000 
2114700384,98106,47.5343,-122.348,3,2.5,2,1,7,3,20150427,1020,2217,720,300,2004,0,280000 
7899800476,98106,47.5243,-122.36,2,2.5,2,1,7,3,20150427,1250,1580,1030,220,2005,0,267100 
2810600015,98136,47.5427,-122.388,2,1,1,1,7,3,20150427,910,4000,910,0,1918,0,400000 
4310702838,98103,47.6965,-122.34,3,1.5,3,1,8,3,20150427,1290,1213,1290,0,2007,0,375000 
5347200070,98126,47.5194,-122.376,3,1,1,1,6,3,20150427,1150,2496,1010,140,1947,0,339000 
7625702264,98136,47.5496,-122.388,2,2,3,1,7,3,20150427,1110,1155,980,130,2008,0,399000 
3869900150,98136,47.5397,-122.387,2,1.75,2,1,7,3,20150427,1030,1106,765,265,2006,0,345000 
2424039029,98106,47.555,-122.362,3,2.25,2,1,8,3,20150427,1330,1198,1080,250,2007,0,325000 
8562780200,98027,47.5321,-122.073,2,2.25,2,1,7,3,20150427,1240,705,1150,90,2009,0,352499 
3125079062,98024,47.6042,-121.956,3,2.5,1,1,8,3,20150426,2660,206480,2660,0,1989,0,589000 
8835700250,98075,47.5617,-122.03,4,2.5,2,1,10,3,20150426,3570,17411,3570,0,1990,0,965000 
4027700666,98155,47.7717,-122.277,4,2.5,2,1,9,3,20150426,3180,9603,3180,0,2002,0,780000 
8956200990,98001,47.2904,-122.264,4,2.5,2,1,9,3,20150426,2628,11466,2628,0,2014,0,499160 
9477710160,98056,47.5197,-122.18,3,1.75,1,1,8,4,20150426,1560,9452,1560,0,1974,0,425000 
6891800500,98028,47.768,-122.259,3,2.75,1,1,9,3,20150426,2650,9752,2650,0,1989,0,580000 
1901600090,98166,47.4663,-122.359,5,1.75,1.5,1,7,4,20150426,1940,6654,1940,0,1953,0,390000 
5727500102,98155,47.7512,-122.329,3,1,1.5,1,7,3,20150426,1280,6967,1280,0,1949,0,195000 
5648600010,98055,47.4447,-122.188,3,2.5,2,1,7,3,20150426,1580,6860,1580,0,1995,0,290000 
8682230590,98053,47.7114,-122.029,2,2.5,1,1,8,3,20150426,2395,6143,2395,0,2003,0,800000 
